1950 3198
805 175 1086 218 -13—

163 294 290 332 ‘etiam
322 306 382 332 me
412 295 629 333 indicente’.
682 293 766 333 Liv.
791 295 856 339 22,
882 293 947 339 39,
974 293 1009 329 2.
1037 312 1088 318 —
1112 290 1349 342 ‚insperante
1379 289 1475 327 hoc.’
1499 289 1586 326 Ter.
1609 289 1731 327 Andr.

165 352 260 390 603.
285 373 337 379 ——
362 350 442 399 ‘qui
471 352 622 399 aliquid
651 353 745 400 agit,
774 362 851 389 non
881 360 966 388 esse
996 346 1229 386 inficientem
1260 358 1346 385 eum
1377 347 1564 386 dicimus'.
1617 347 1730 384 Varr.

164 409 187 448 l.
202 410 226 447 l.
241 409 306 455 VI,
322 409 385 448 78.
414 409 472 447 Ac
495 410 662 457 primum
687 411 774 448 loco
799 407 1010 447 eVarrone
1034 406 1189 454 prolato
1214 403 1412 443 ‘inficiens’
1434 404 1512 443 vim
1535 404 1731 442 verbalem

164 467 276 514 plene
287 477 510 514 expressam
523 467 732 506 retinuisse
743 466 827 506 viro
848 466 963 505 docto
983 475 1061 503 non
1081 463 1208 502 credo.
1221 462 1395 501 Ablativi
1408 465 1538 500 autem
1550 461 1731 507 absoluti,

166 523 232 571 qui
245 527 445 571 vocantur,
464 526 536 562 ‘me
554 522 760 563 indicente'
779 526 818 562 et
837 523 1073 570 ‘insperante
1092 521 1178 559 hoc’
1195 520 1444 559 consentiunt
1457 530 1541 558 cum
1555 518 1732 567 praecisa

164 581 232 619 illa
256 581 410 620 dicendi
434 582 724 630 consuetudine,
748 592 874 629 quam,
898 583 942 618 ut
967 580 1043 618 iam
1062 589 1182 626 supra
1198 578 1325 626 attigi,
1349 577 1482 616 Latini
1500 589 1579 615 non
1596 576 1673 615 nisi
1692 576 1732 614 in

164 638 326 677 ablativi
355 650 428 678 usu
458 639 640 678 videntur
670 650 756 679 esse
784 637 907 678 secuti
936 637 1087 675 iniussu
1111 636 1334 675 inconsultu
1357 635 1507 674 indicta
1531 645 1649 673 causa
1673 634 1732 671 in-

163 695 266 734 fecta
282 707 336 734 re.
361 696 438 735 Sed
456 708 504 735 ne
521 697 581 735 his
601 697 756 744 quidem
774 696 815 734 in
833 694 1052 744 participiis
1072 694 1148 733 vim
1166 694 1360 733 verbalem
1379 693 1492 741 plene
1509 703 1732 740 expressam

164 764 249 792 esse
269 754 462 802 arbitror,
493 765 579 793 cum
609 755 734 793 minus
764 753 868 792 actio
900 752 1065 791 subiecti
1094 750 1344 798 respiciatur,
1383 762 1498 798 quam
1527 750 1609 788 eius
1635 761 1732 798 qua—

163 811 266 850 litas.
313 811 402 850 Non
432 812 582 850 minore
611 812 778 852 audacia
808 811 1016 850 Sallustius
1047 809 1143 847 dicit
1173 809 1262 847 hist.
1287 808 1318 856 I,
1343 809 1396 846 55
1429 806 1511 860 (57)
1540 808 1736 855 multaque

162 871 246 906 tum
271 869 389 908 ductu
408 869 490 907 eius
509 881 703 918 manuque
715 873 874 917 patrata
892 867 1018 916 primo
1032 878 1101 915 per
1120 865 1407 914 ignobilitatem
1426 865 1568 904 deinde
1586 877 1655 913 per
1673 865 1734 903 in-

163 925 308 964 vidiam
338 926 574 975 scriptorum
604 927 843 966 incelebrata
868 929 969 973 sunt,
997 925 1208 977 (celebrata
1231 924 1344 963 codd.
1368 945 1421 951 —-
1448 924 1574 962 celata
1597 923 1736 961 Hertz-

165 982 337 1022 Dietsch.
369 1006 416 1012 —
454 985 693 1024 incelebrata
721 984 800 1023 Iac.
831 980 974 1034 Gron.),
1003 982 1072 1021 ubi
1102 982 1353 1021 ‘incelebrata
1382 982 1484 1020 sunt’
1515 981 1736 1021 Gronovius

164 1044 277 1079 acute
299 1041 473 1081 restituit
496 1054 543 1081 ex
561 1043 713 1090 Tacito,
731 1040 908 1080 Sallustii
925 1040 1134 1087 imitatore,
1159 1051 1246 1078 ann.
1267 1039 1330 1087 VI,
1351 1042 1386 1078 7.
1406 1038 1531 1078 ‘nobis
1550 1040 1737 1087 pleraque

165 1098 285 1146 digna
320 1099 477 1147 cognitu
508 1100 718 1148 obvenere,
755 1109 988 1148 quamquam
1018 1098 1067 1137 ab
1099 1098 1187 1136 aliis
1218 1097 1480 1136 incelebrata!
1538 1097 1610 1136 His
1640 1096 1737 1136 locis

164 1155 414 1196 ‘incelebrata
440 1158 541 1196 sunt'
563 1170 642 1197 non
666 1169 751 1197 esse
774 1168 936 1206 prorsus
962 1156 1064 1196 idem
1089 1166 1135 1194 ac
1159 1158 1247 1194 ‘non
1272 1155 1470 1194 celebrata
1493 1155 1595 1193 sunt'
1624 1154 1739 1193 facile

168 1214 366 1254 sentimus.
428 1215 685 1264 Participium
721 1215 1010 1254 ‘incelebratus’
1045 1214 1124 1252 iam
1164 1213 1326 1251 multum
1369 1216 1534 1251 naturae
1568 1212 1738 1251 verbalis

169 1271 367 1319 deposuit,
403 1272 445 1311 id
481 1274 585 1320 quod
621 1273 709 1312 aliis
744 1273 841 1312 locis
873 1272 990 1310 etiam
1020 1270 1144 1318 magis
1175 1270 1388 1310 dilucidum
1420 1273 1479 1309 est
1508 1271 1615 1310 velut
1643 1270 1741 1309 Hor.

169 1339 286 1368 carm.
322 1329 399 1377 ΠΙ,
437 1331 508 1377 25,
546 1333 569 1370 7
606 1331 742 1370 Dicam
786 1329 939 1378 insigne
980 1339 1115 1367 recens
1152 1329 1279 1368 adhuc
1308 1327 1503 1368 Indictum
1541 1339 1608 1366 ore
1649 1328 1739 1366 alio.

171 1385 254 1426 Liv.
285 1388 328 1434 5,
361 1387 430 1434 15,
463 1389 516 1427 10
551 1387 691 1436 Itaque
727 1400 827 1436 quae
862 1391 944 1426 tum
981 1386 1167 1426 cecinerit
1197 1386 1328 1425 divino
1360 1386 1502 1434 spiritu
1533 1385 1740 1424 instinctus

171 1455 217 1482 ea
247 1455 287 1483 se
312 1456 383 1483 nec
413 1447 456 1483 ut
485 1446 634 1485 indicta
664 1446 743 1484 sint
771 1456 957 1485 revocare
986 1456 1114 1492 posse.
1172 1443 1317 1483 Auson.
1342 1448 1491 1491 parent.
1519 1444 1573 1482 20
1597 1455 1668 1482 nec
1699 1447 1741 1482 tu

169 1501 247 1539 iam
271 1502 406 1542 metris
430 1503 525 1542 meis
551 1503 841 1543 immemoratus
866 1503 956 1542 eris.
982 1524 1034 1531 —-
1061 1502 1226 1549 Quoquo
1251 1501 1372 1548 igitur
1397 1502 1512 1541 modo
1531 1500 1743 1550 participia

170 1562 208 1596 et
226 1560 443 1607 praesentis
463 1561 583 1600 activi
603 1565 642 1600 et
661 1561 825 1610 perfecti
843 1560 991 1609 passivi
1010 1562 1200 1607 usurpata
1225 1563 1324 1606 sunt,
1351 1571 1436 1598 cum
1461 1559 1596 1606 utique
1620 1570 1743 1607 prope

170 1618 356 1656 accedant
391 1618 590 1658 notionem
625 1619 924 1666 adiectivorum‚
960 1618 1060 1656 nihil
1100 1617 1268 1656 afferunt
1309 1618 1361 1655 ad
1391 1617 1657 1665 quaestionem
1695 1617 1744 1656 de

170 1675 301 1713 verbis
337 1677 528 1722 negativis
563 1677 858 1724 absolvendam,
894 1680 1025 1714 utrum
1062 1675 1149 1723 ipsa
1183 1675 1304 1713 verba
1339 1686 1425 1713 cum
1462 1675 1525 1713 ‘in'
1561 1674 1743 1722 negativo

170 1737 453 1780 componantur
483 1745 614 1773 necne.
673 1734 757 1773 Iam
787 1735 986 1774 videamus
1018 1736 1159 1780 cetera,
1191 1744 1291 1780 quae
1320 1732 1361 1771 P.
1392 1732 1600 1780 Langenus
1631 1730 1744 1770 affert

170 1790 220 1828 ad
246 1791 477 1830 sententiam
503 1804 612 1831 suam
637 1792 951 1839 confirmandam,
983 1791 1176 1839 quomodo
1203 1802 1244 1829 se
1268 1790 1448 1829 habeant.
1495 1790 1553 1828 Ac
1576 1790 1744 1838 primum

171 1848 330 1887 verbum
363 1847 548 1887 ‘infitiari'
567 1851 824 1898 compositum
849 1861 934 1889 esse
958 1848 1158 1888 contendit
1183 1859 1231 1886 ex
1255 1847 1319 1886 ‘in’
1337 1848 1517 1896 negativo
1543 1851 1581 1886 et
1606 1846 1746 1886 ‘fateri'

171 1905 310 1945 deinde
327 1906 442 1946 affert
461 1908 621 1947 verbum
641 1908 819 1948 ‘indecet'
837 1907 1057 1946 Plinianum
1076 1917 1135 1955 ep.
1149 1905 1221 1954 III,
1238 1906 1272 1952 1,
1294 1906 1318 1944 2
1332 1917 1421 1944 nam
1442 1906 1598 1944 iuvenes
1617 1906 1746 1946 adhuc

170 1962 332 2002 confusa
351 1966 542 2012 quaedam
561 1969 600 2004 et
619 1966 731 2014 quasi
749 1966 910 2004 turbata
929 1977 1007 2004 11011
1026 1964 1223 2011 indecent;
1238 1985 1289 1991 —
1305 1965 1490 2003 accedere
1504 1964 1607 2011 quod
1622 1963 1745 2011 ‘igno-

174 2023 292 2060 scere‘
306 2033 383 2060 non
402 2023 530 2070 possit
545 2023 720 2072 intellegi
739 2023 816 2062 nisi
828 2023 989 2063 verbum
1009 2034 1056 2061 ex
1069 2018 1131 2060 ‘in’
1146 2021 1326 2069 negativo
1342 2025 1379 2060 et
1392 2022 1576 2061 ‘noscere’
1589 2032 1744 2068 compo·

174 2077 303 2126 situm,
322 2083 438 2127 atque
458 2079 780 2128 significationem
793 2078 1241 2128 verbi‘improbare'non
1254 2079 1475 2118 consentire
1488 2091 1573 2118 cum
1587 2079 1747 2118 notione

175 2135 358 2175 adiectivi
382 2138 607 2186 ‘improbus'
630 2139 870 2188 propiusque
894 2138 1079 2177 accedere
1103 2137 1155 2176 ad
1179 2140 1269 2176 ‘non
1292 2138 1485 2184 probare'.
1510 2158 1562 2164 —

291 2194 367 2233 Sed
397 2194 432 2234 si
460 2195 509 2234 iis
540 2197 688 2244 verbis,
720 2208 819 2244 quae
848 2196 1068 2244 attulimus,
1098 2199 1208 2235 ratus
1240 2198 1300 2233 est
1330 2195 1591 2234 demonstrari
1621 2205 1747 2242 posse,

177 2250 263 2298 ipsa
286 2252 406 2291 verba
434 2254 615 2302 componi
640 2265 727 2293 cum
751 2254 815 2293 ‘in'
839 2254 1020 2301 negativo
1051 2264 1176 2301 neque
1206 2252 1296 2291 duci
1321 2253 1369 2291 ab
1401 2251 1604 2305 adiectivis
1630 2262 1748 2299 nega—

177 2307 287 2356 tivis,
324 2320 392 2348 cur
428 2321 504 2349 non
539 2313 790 2359 proposuerit
827 2313 944 2351 etiam
979 2311 1100 2350 verba
1135 2311 1331 2358 ‘nequire',
1368 2310 1493 2349 ‘nolle'
1528 2309 1748 2356 ‘indignari'

178 2364 273 2413 alia,
309 2378 387 2405 non
422 2367 673 2416 intellegitur.
732 2369 777 2407 In
814 2369 1037 2409 universum
1067 2368 1108 2407 P.
1140 2368 1346 2416 Langenus
1383 2379 1461 2407 non
1497 2367 1611 2414 plane
1642 2370 1748 2404 recte

179 2423 277 2461 hanc
314 2425 578 2471 quaestionem
614 2426 709 2465 mihi
742 2427 898 2467 videtur
934 2425 1201 2475 explicavisse.
1273 2425 1552 2465 Offendendum
1588 2435 1674 2462 esse
1708 2424 1749 2461 in

179 2491 312 2518 eorum
338 2483 539 2531 sententia,
564 2484 630 2532 qui
654 2484 773 2523 verba
797 2485 978 2532 negativa
1002 2484 1136 2531 utique
1155 2483 1251 2531 ipsis
1271 2494 1319 2521 ex
1337 2482 1540 2521 adiectivis
1558 2481 1749 2528 negativis

181 2537 356 2577 derivata
381 2551 467 2578 esse
490 2541 743 2588 arbitrantur,
773 2542 867 2580 mihi
893 2553 1046 2590 quoque
1075 2552 1302 2589 persuasum
1328 2543 1397 2578 est.
1445 2539 1499 2578 Ut
1524 2538 1654 2577 verbis
1679 2538 1749 2575 ‘in-

180 2593 346 2634 firmare’
364 2596 615 2637 ‘indecorare’
633 2599 944 2639 ‘incommodare'
962 2599 1136 2638 ‘nescire'
1160 2599 1225 2638 vix
1248 2596 1333 2635 fieri
1356 2599 1497 2644 potest,
1523 2596 1615 2643 quin
1640 2595 1747 2633 adie-

182 2651 284 2691 ctiva
303 2652 502 2693 ‘infirmus’
520 2655 750 2695 ‘indecorus'
767 2655 1060 2698 ‘incommodus'
1078 2656 1255 2695 ‘nescius'
1273 2654 1501 2693 subicienda
1525 2664 1610 2691 esse
1639 2655 1749 2700 pute-

182 2721 278 2756 mus,
297 2710 352 2750 ita
371 2711 565 2751 adiectiva
583 2714 713 2752 multis
732 2713 773 2751 in
786 2714 915 2754 verbis
928 2715 1033 2754 velut
1051 2714 1212 2762 nequire
1226 2713 1329 2751 nolle
1341 2711 1536 2759 negligere
1549 2710 1751 2757 ignoscere

183 2766 344 2806 infitiari
374 2770 622 2809 continentur
651 2775 801 2809 tantum
834 2773 948 2810 modo
979 2772 1146 2819 logice,
1178 2782 1255 2809 non
1286 2768 1597 2817 grammatice.
1651 2767 1749 2804 Nam

183 2823 353 2872 ‘nequeo’
374 2838 420 2865 ex
436 2829 608 2874 ‘nequus'
626 2829 687 2867 vel
711 2829 879 2876 ‘nequis’‚
897 2827 1013 2869 ‘nolo'
1037 2840 1084 2868 ex
1109 2828 1302 2875 ‘nevolus',
1321 2826 1501 2874 ‘negligo'
1526 2836 1573 2864 ex
1591 2825 1751 2872 ‘neglex'

183 2882 366 2929 ‘ignosco’
404 2895 451 2922 ex
486 2884 633 2932 ‘ignos’,
670 2884 841 2925 ‘infitior'-
875 2898 922 2926 ex
952 2885 1123 2926 ‘infitius'
1155 2887 1295 2925 ducere
1330 2883 1444 2923 nimis
1479 2882 1635 2922 videtur
1666 2892 1751 2921 esse
