1950 3198
198 277 234 316 b.
267 288 297 316 c.
331 279 366 325 1,
398 279 463 316 27.
507 280 543 325 2,
577 279 641 317 13.
684 279 721 324 3,
748 279 840 315 111.
866 299 919 304 —
945 277 1119 316 involare
1144 277 1224 316 Cic.
1255 277 1304 315 de
1328 280 1408 324 tog.
1435 277 1546 316 caud.
1574 276 1621 316 fr.
1651 278 1702 316 19
1722 276 1771 316 Κ.

199 356 250 362 -
285 335 396 373 illabi
427 335 474 374 de
498 336 598 382 legg.
626 337 662 381 2,
690 335 753 381 15,
779 335 846 373 39.
873 355 926 362 -

311 393 427 440 Apud
457 392 683 431 Sallustium
712 391 879 439 primum
909 391 1106 430 invenitur
1136 390 1287 430 insilire
1318 402 1350 430 c.
1376 402 1457 431 acc.
1482 391 1574 430 hist.
1600 391 1644 430 V.
1672 392 1696 430 3
1721 391 1773 441 (4)

197 459 355 496 equum,
386 450 454 488 sed
485 450 692 488 Sallustius
722 449 862 486 horum
891 449 1100 487 verborum
1131 451 1368 487 structuram
1397 448 1646 487 transitivam
1676 450 1772 487 ada-

197 509 295 551 mat;
333 507 536 554 coniungit
566 507 668 544 enim
698 516 783 544 cum
813 505 1037 544 accusativo
1068 506 1222 553 ingredi
1252 505 1438 545 invadere
1467 506 1648 545 incedere
1676 506 1772 556 (tro-

197 563 295 612 pice)
323 563 497 602 insidere
527 564 717 602 insultare
744 562 874 612 (trop.)
903 562 1127 611 inrumpere
1154 562 1224 614 (Ig.
1257 564 1322 610 25,
1349 564 1385 602 9.
1411 563 1477 610 58,
1505 564 1542 613 1)
1571 564 1772 601 incurrere

193 620 296 667 (hist.
329 620 377 659 fr.
410 621 483 659 inc.
515 622 570 660 64
599 620 690 671 (30).
748 620 909 658 Tacitus
945 631 1031 658 cum
1069 631 1115 659 eo
1150 621 1346 659 consentit
1382 621 1422 658 in
1459 632 1533 659 usu
1563 621 1771 659 verborum

194 676 368 715 insidEre
398 678 620 726 inrumpere
647 677 730 727 (cfr.
762 677 1022 725 Nipp.-Andr.
1053 678 1117 716 ad.
1148 689 1238 716 ann.
1265 678 1312 724 ΙΙ,
1340 677 1406 727 11)
1429 678 1619 716 insultare
1643 678 1772 716 incur-

195 745 282 772 rere
316 735 418 783 (ann.
457 735 491 781 Ι,
524 736 590 773 51.
621 733 672 781 Π,
705 733 785 784 17);
827 734 989 773 verbum
1026 735 1230 773 ‘incedere'
1265 736 1370 782 quod
1405 736 1522 782 vulgo
1539 735 1564 785 ¹)
1599 738 1770 773 tantum-

195 792 312 830 modo
343 803 459 830 sensu
489 792 681 831 translato
711 791 918 830 transitive
942 796 1165 840 usurpatur,
1196 792 1314 830 etiam
1339 803 1454 831 sensu
1479 793 1640 841 proprio
1666 795 1771 840 apud

194 859 281 886 eum
306 849 424 888 habet
448 852 684 887 structuram
708 848 972 887 transitivam:
997 860 1085 888 ann.
1110 848 1139 895 Ι,
1166 851 1215 888 61
1245 849 1432 887 incedunt
1455 854 1626 889 maestos
1651 850 1770 890 locos.

192 905 295 944 adde
324 917 412 944 ann.
442 906 545 953 XIV,
579 907 629 945 15
663 917 855 945 scaenam.
905 908 960 945 20
984 906 1149 958 fontem3
1180 917 1256 954 quo
1288 907 1399 945 verbi
1429 907 1471 945 in
1495 919 1567 946 usu
1592 907 1771 947 Tacitum

193 963 317 1001 secuti
361 967 451 1002 sunt
485 963 664 1002 Justinus
706 967 746 1002 et
780 964 980 1011 Apuleius.
1039 964 1194 1002 Primus
1230 964 1386 1002 videtur
1422 975 1509 1003 cum
1545 965 1768 1005 accusativo

193 1019 429 1067 coniungere
457 1021 652 1059 ‘incidere’
681 1020 771 1059 hist.
802 1019 873 1067 ΙΙΙ,
899 1021 951 1059 29
980 1032 1077 1068 quos
1102 1021 1295 1060 inciderat
1319 1043 1372 1050 —-
1399 1025 1439 1060 et
1462 1022 1658 1071 ‘irrepere'
1679 1034 1767 1062 ann.

192 1076 258 1123 IV,
290 1078 314 1115 2
346 1078 533 1116 militares
564 1078 727 1117 animos.

304 1134 412 1174 Haec
436 1146 591 1182 quoque
614 1135 735 1174 verba
760 1136 979 1183 composita
1002 1136 1051 1174 ab
1079 1137 1237 1184 optimis
1263 1136 1523 1184 scriptoribus
1543 1149 1658 1176 sensu
1680 1149 1769 1185 pro-

191 1191 279 1238 prio
310 1192 494 1240 coniungi
525 1193 651 1231 solent
681 1203 768 1231 cum
798 1193 931 1232 dativo
963 1196 1031 1231 aut
1061 1204 1147 1231 cum
1178 1194 1489 1242 praepositione;
1520 1196 1626 1232 velut
1657 1195 1769 1233 verbi

191 1249 344 1287 ‘invehi'
374 1253 571 1288 structura
600 1250 826 1298 transitiva,
863 1250 897 1289 si
928 1262 1043 1289 sensu
1075 1252 1238 1299 proprio
1269 1252 1439 1299 ponitur,
1471 1253 1622 1290 demum
1655 1252 1768 1290 Livio

189 1306 345 1344 videtur
375 1307 416 1345 in
446 1319 519 1346 usu
549 1318 646 1346 esse.
706 1307 782 1346 Sed
812 1312 856 1346 ut
886 1309 992 1355 apud
1022 1312 1173 1347 veteres
1203 1309 1509 1356 praepositionis
1541 1310 1618 1347 vim
1649 1310 1768 1347 etiam

190 1362 232 1401 in
261 1364 390 1402 verbis
416 1364 644 1412 compositis
668 1365 900 1404 validiorem
924 1364 1046 1403 fuisse
1077 1377 1155 1404 non
1185 1366 1376 1404 absonum
1407 1369 1466 1405 est
1492 1367 1632 1413 dicere,
1664 1368 1768 1405 unde

190 1419 249 1466 fit,
286 1425 330 1459 ut
366 1421 575 1470 praecipue
612 1423 716 1471 apud
753 1433 821 1462 eos
858 1423 954 1461 haec
983 1423 1104 1461 verba
1133 1423 1251 1462 etiam
1282 1429 1399 1462 sensu
1429 1424 1591 1472 proprio
1621 1425 1767 1462 transi-

188 1477 268 1516 tive
305 1478 435 1526 posita
471 1478 730 1526 inveniamus,
767 1479 823 1518 ita
857 1480 1078 1527 posteriore
1113 1484 1289 1528 tempore
1323 1481 1522 1519 notionem
1559 1482 1767 1520 verborum

191 1536 495 1583 compositorum
520 1537 646 1585 ipsam
670 1536 816 1575 factam
841 1548 927 1576 esse
950 1538 1085 1585 utique
1108 1538 1355 1576 transitivam
1380 1538 1622 1587 putabimus;
1653 1550 1767 1577 accu-

190 1592 339 1631 sativus
371 1593 492 1640 igitur
522 1593 571 1631 iis
602 1594 762 1632 additus
792 1598 852 1633 est
882 1595 1094 1634 secundum
1126 1598 1362 1633 structuram
1394 1597 1444 1634 ad
1470 1607 1638 1643 sensum,
1669 1608 1768 1643 quae

188 1653 362 1690 vocatur.
422 1651 602 1689 Ceterum
639 1651 847 1691 verborum
884 1652 1189 1700 compositorum
1225 1664 1337 1690 usum
1374 1653 1623 1692 transitivum
1663 1654 1768 1702 apud

187 1710 338 1745 veteres
370 1708 526 1746 omnino
558 1708 675 1747 latius
705 1709 880 1757 patuisse
912 1713 1032 1748 testes
1064 1714 1154 1748 sunt
1185 1710 1302 1748 etiam
1334 1711 1454 1749 verba
1485 1722 1570 1749 cum
1603 1723 1767 1760 praepo-

187 1763 329 1803 sitione
364 1765 438 1803 ‘ob’
474 1765 700 1814 composita.
760 1766 859 1805 Nam
896 1778 983 1805 cum
1018 1767 1060 1806 in
1095 1779 1169 1805 usu
1206 1768 1359 1814 vulgari
1395 1768 1475 1806 sint
1505 1769 1626 1807 verba
1657 1769 1768 1807 obire

187 1832 414 1868 oppugnare
439 1822 660 1871 obsidere‘2)
684 1834 715 1861 c.
741 1834 832 1870 acc„
856 1824 1020 1871 legimus
1045 1826 1150 1872 apud
1172 1824 1355 1863 Plautum
1381 1837 1486 1863 merc
1522 1827 1617 1864 408.
1660 1827 1766 1866 Pers.

186 1879 268 1917 569
306 1883 510 1918 occentare
545 1880 699 1919 ostium.
760 1881 879 1920 Stich.
920 1882 1002 1920 572
1041 1886 1246 1920 occentare
1284 1894 1413 1922 senem
1457 1905 1508 1911 -—
1542 1885 1620 1922 mil.
1655 1885 1764 1923 1047

186 1935 243 1973 ita
273 1947 334 1974 me
363 1940 571 1976 occursant
600 1938 754 1976 multae.
787 1961 839 1967 —
870 1938 988 1978 Poen.
1023 1940 1076 1977 14
1107 1940 1272 1987 obrepet
1300 1945 1339 1978 te
1369 1940 1503 1980 fames.
1533 1941 1648 1991 (adde
1672 1941 1765 1980 trin.

187 1994 252 2031 61.
283 1994 388 2043 974).
421 2016 472 2022 -
505 1994 730 2033 Posteriore
760 1996 913 2034 demum
949 2000 1127 2045 tempore
1158 1996 1283 2035 simile
1314 1998 1407 2045 quid
1439 1999 1764 2046 deprehendimus

186 2051 292 2098 apud
322 2051 567 2090 Ammianum
601 2053 666 2099 24,
699 2054 735 2099 2,
768 2054 791 2091 9
825 2053 996 2092 civitatis
1027 2054 1182 2092 moenia
1213 2055 1453 2102 obequitare.

300 2108 338 2157 3)
367 2109 451 2148 sub.
497 2109 559 2148 Ex
599 2109 729 2148 verbis
773 2121 859 2148 cum
903 2111 1198 2160 praepositione
1241 2113 1338 2150 ‘sub’
1380 2114 1608 2162 compositis
1645 2115 1762 2161 vulgo

185 2165 391 2204 transitive
434 2166 670 2205 adhibentur
708 2167 863 2206 ‘subire'
899 2172 938 2206 et
973 2170 1214 2208 ‘succedere’.
1275 2170 1366 2208 Alia
1401 2182 1494 2208 rara
1530 2175 1621 2210 sunt
1659 2172 1765 2210 velut

186 2223 395 2270 subrepere
425 2224 525 2271 alqd.
580 2224 675 2262 Hor.
707 2219 842 2271 sat.'2‚
868 2227 905 2273 6,
934 2227 1015 2265 100
1040 2250 1095 2255 -
1121 2227 1325 2265 subsidere
1349 2228 1454 2275 alqd.
1478 2230 1607 2277 (sensu
1632 2233 1763 2267 trans-

186 2278 278 2330 lato)
306 2282 411 2328 apud
440 2280 554 2329 Verg.
579 2282 674 2320 Aen.
708 2282 772 2328 11,
798 2283 892 2322 268.
940 2284 1006 2322 Sil.
1034 2284 1098 2330 13,
1125 2285 1218 2322 221.
1267 2285 1329 2323 Ad
1355 2285 1651 2324 similitudinem
1676 2297 1763 2324 ver-

186 2336 323 2375 borum
366 2338 522 2384 ‚subire’
562 2343 600 2376 et
642 2340 873 2378 ‘succedere’
910 2339 1118 2379 Sallustius
1162 2342 1367 2390 usurpavit
1409 2344 1606 2390 ‘suggredi
1649 2344 1764 2390 alqd.'

186 2393 276 2432 hist.
308 2394 374 2433 IV.
407 2396 459 2434 67
490 2396 571 2446 (68)
601 2395 751 2434 Stolide
782 2400 912 2435 castra
937 2409 1179 2446 suggressus,
1205 2421 1258 2427 —-
1286 2401 1390 2446 quod
1415 2401 1576 2440 verbum
1601 2401 1763 2439 Tacitus

186 2450 235 2488 ab
272 2462 318 2488 eo
355 2455 552 2491 mutuatus
594 2457 724 2491 tamen
767 2466 845 2492 non
881 2456 1014 2502 posuit
1056 2456 1132 2494 nisi
1169 2457 1350 2495 absolute
1385 2462 1454 2495 aut
1490 2469 1576 2496 cum
1615 2459 1761 2497 dativo.

185 2508 285 2551 (ann.
317 2507 368 2555 ΙΙ,
402 2510 465 2548 12.
506 2509 572 2557 IV,
602 2511 668 2550 47.
711 2510 822 2558 XIII,
855 2513 920 2551 57.
963 2512 1067 2560 XIV,
1099 2515 1164 2553 37.
1207 2514 1290 2561 XV,
1323 2516 1400 2564 11).
1432 2537 1483 2544 -

299 2566 339 2613 4)
368 2570 587 2615 ante-prae.
639 2567 698 2606 De
728 2568 858 2607 verbis
889 2572 1102 2617 superandi
1133 2582 1219 2610 cum
1250 2573 1612 2619 praepositionibus
1644 2573 1759 2610 ‘ante’

187 2625 226 2658 et
260 2623 378 2669 ‘prae'
413 2624 639 2672 compositis
678 2625 861 2672 quoniam
898 2628 1120 2667 accuratius
1158 2629 1374 2678 disputavit
1406 2628 1616 2679 Seyffertus
1629 2628 1669 2679 3),
1699 2630 1761 2677 iis,

281 2769 306 2808 ¹)
330 2769 410 2800 {nde
434 2780 452 2800 a
478 2770 555 2802 Sall.
581 2770 637 2803 lv.
662 2773 703 2806 61
729 2773 810 2814 (19),
838 2773 879 2806 15
904 2775 1014 2816 inopia
1039 2776 1155 2807 ambos
1182 2777 1332 2810 incessit.

279 2814 306 2853 ²)
330 2816 535 2847 ‘occumbere
560 2820 710 2850 mortem’
735 2829 812 2851 num
840 2820 904 2851 hnc
930 2820 1141 2853 referendum
1167 2822 1220 2860 sit,
1246 2823 1385 2855 dubium
1409 2827 1471 2856 est.

280 2860 305 2901 3)
333 2861 478 2893 Vorrede
503 2872 562 2893 zur
588 2863 629 2895 V.
656 2865 743 2896 Aull.
769 2865 828 2898 der
853 2866 1170 2907 Schulgrammatik.
