1950 3198
879 194 1158 236 -12-

237 311 314 350 Cic.
335 323 406 359 pro
426 312 516 350 Sull.
532 312 596 350 30.
627 311 703 349 Sed
717 311 875 349 verbum
888 308 1159 358 ‘inapparatio’
1168 310 1397 348 Cornificius
1410 311 1496 348 loco
1509 310 1668 348 laudato
1683 310 1804 357 finxit,

237 373 281 407 ut
301 373 516 417 opponeret
540 370 659 407 verbo
681 369 927 417 ‘apparatio’;
952 368 1073 407 verba
1097 371 1224 407 autem
1243 366 1433 407 ‘infinitio’
1451 372 1490 407 et
1508 366 1804 407 ‘immoderatio’

237 427 482 467 substantiva
517 438 607 464 vere
642 426 817 465 verbalia
852 438 927 464 non
966 429 1055 464 sunt
1089 426 1348 471 aestimanda,
1386 426 1565 472 quoniam
1598 425 1806 473 participia

237 496 389 532 quoque
419 484 616 522 ‘infinitus’
646 488 684 522 et
714 481 1016 523 ‘immoderatus’
1047 483 1097 521 ad
1126 483 1319 522 adiectiva
1344 483 1582 522 defecerant:
1613 496 1658 521 ex
1684 484 1805 530 parti-

237 543 349 590 cipiis
381 546 509 580 autem
541 543 786 580 substantiva
816 541 1161 579 conformabantur
1189 541 1458 580 tantummodo
1489 542 1529 579 in
1560 542 1634 586 —io;
1671 541 1805 580 immo-

239 600 427 639 deratitas
453 602 491 638 et
515 599 731 646 infinititas,
758 599 951 646 quomodo
976 599 1078 637 iuste
1102 602 1215 637 erant
1240 599 1480 645 fabricanda,
1506 599 1806 646 displicuissent.

239 658 419 695 Ceterum
444 669 492 695 110
517 669 563 695 03
588 657 739 704 quidem
767 657 1013 695 substantiva
1037 669 1061 694 a
1087 656 1305 703 participiis
1332 656 1522 702 negativis
1547 657 1674 702 ducta,
1705 668 1806 703 quae

240 714 524 761 significatione
555 727 631 753 non
664 715 895 753 differebant
919 726 942 752 a
965 714 1220 753 substantivis
1245 713 1357 752 flexis
1382 714 1431 751 ab
1457 714 1660 752 adiectivis
1686 726 1805 761 nega-

237 773 344 818 tivis,
387 772 558 819 linguam
594 772 760 810 libenter
797 772 986 810 formasse
1023 772 1201 810 solitaria
1236 771 1302 809 illa
1339 772 1514 819 exempla
1548 774 1668 810 testes
1706 775 1806 810 sunt.

204 859 208 864 .
237 830 463 868 Posteriore
488 831 640 869 demum
665 833 840 877 tempore
865 830 954 868 inde
978 830 1027 868 ab
1053 828 1220 877 Apuleio
1245 830 1345 867 tales
1370 829 1700 868 substantivorum
1727 829 1806 867 for—

239 888 430 925 mationes
443 887 561 926 latius
574 888 772 935 patebant,
786 888 890 926 velut
903 887 1220 934 inconsideratio,
1240 887 1495 934 incorruptio,
1514 886 1806 932 immemoratio,

238 945 488 991 inordinatio,
519 945 775 992 imperfectio,
805 945 1116 993 imperturbatio,
1147 956 1246 992 quae
1271 945 1516 983 substantiva
1545 947 1695 982 tantum
1727 944 1807 982 for-

240 1003 412 1040 matione
442 1005 532 1041 sunt
562 1003 753 1049 verbalia,
791 1015 868 1041 non
900 1002 1194 1050 significatione.
1247 1001 1521 1050 ‘Incorruptio‘
1551 1002 1654 1040 idem
1679 1005 1738 1040 est
1762 1013 1808 1041 ac

243 1058 558 1108 ,incorruptitas',
589 1058 854 1109 ‘imperfectio'
884 1072 932 1099 ac
955 1056 1259 1108 ‘imperfectitas'
1284 1063 1356 1098 etc.
1381 1082 1434 1087 -
1461 1059 1538 1098 Sed
1563 1071 1725 1107 magnae
1751 1060 1810 1098 di-

241 1118 353 1156 cendi
384 1117 676 1165 depravationis
707 1121 797 1157 sunt
828 1118 1074 1157 substantiva
1103 1115 1358 1156 ‘inconnexio'
1387 1120 1426 1156 et
1449 1115 1735 1156 ‘inhonorati0’.
1755 1139 1806 1144 —-

355 1176 489 1222 Neque
520 1176 766 1214 substantiva
791 1176 975 1223 verbalia,
1001 1187 1099 1224 quae
1124 1176 1163 1213 in
1189 1187 1253 1213 -us
1279 1175 1470 1221 desinunt,
1500 1172 1563 1213 ‘in’
1588 1175 1810 1222 negativum

242 1245 318 1272 non
343 1234 536 1271 abnuunt:
562 1234 671 1280 atqui
696 1234 858 1280 legimus
884 1234 1116 1272 ‘inconsultu
1142 1231 1238 1271 meo'
1263 1234 1368 1280 apud
1390 1232 1517 1272 Plaut.
1542 1233 1632 1271 trin.
1656 1245 1691 1271 v.
1719 1234 1811 1279 167,

242 1291 389 1329 incultu
420 1291 525 1338 apud
557 1292 783 1330 Sallustium
814 1295 853 1330 et
881 1291 1061 1330 Tacitum
1090 1290 1191 1341 (vide
1215 1302 1346 1338 supra.
1394 1290 1478 1328 Liv.
1509 1291 1575 1335 42,
1602 1291 1666 1337 12,
1693 1293 1716 1329 7
1742 1301 1812 1337 per

243 1349 429 1386 incultum
466 1360 511 1386 ac
549 1349 860 1399 neglegentiam),
907 1350 1089 1387 invocatu
1127 1360 1211 1387 meo
1248 1349 1354 1396 apud
1383 1348 1519 1387 Front.
1549 1360 1608 1395 ep.
1638 1349 1702 1395 ad,
1720 1347 1808 1386 Ver.

242 1406 272 1444 I.
303 1418 339 1453 p.
373 1407 465 1453 114,
498 1407 549 1445 26
582 1407 640 1453 N.,
672 1410 710 1445 et
739 1404 913 1445 ‘iniussu’
943 1407 1034 1445 inde
1067 1419 1090 1444 3
1126 1406 1262 1454 primis
1292 1406 1534 1453 temporibus
1572 1405 1742 1444 omnium
1771 1406 1812 1443 in

241 1476 314 1502 usu
346 1467 415 1502 est.
442 1486 492 1491 -—
518 1464 627 1502 Haec
657 1465 903 1503 substantiva
934 1476 1165 1512 quamquam
1195 1465 1311 1511 vulgo
1342 1464 1610 1502 tantummodo
1640 1463 1812 1502 ablativo

243 1533 335 1559 casu
366 1521 619 1567 adhibentur,
656 1525 785 1560 tamen
816 1522 958 1562 adduci
990 1534 1067 1560 non
1098 1534 1320 1569 possumus,
1357 1525 1400 1559 ut
1430 1521 1721 1559 Lachmannum
1749 1519 1813 1570 (ad

242 1579 357 1616 Lucr.
386 1580 421 1629 1,
445 1579 541 1629 454)
572 1591 790 1626 sequamur,
821 1580 887 1626 qui
918 1592 1002 1618 eam
1034 1580 1082 1618 ob
1114 1591 1195 1618 rem
1225 1580 1311 1618 loco
1342 1591 1390 1617 ex
1413 1579 1526 1617 Livio
1552 1579 1711 1617 laudato
1741 1590 1814 1626 pro

245 1639 325 1683 ‘per
354 1636 543 1674 incultum
573 1648 619 1675 ac
650 1637 943 1684 neglegentiam‘
972 1640 1052 1684 ‘per
1082 1637 1275 1675 indultum
1300 1648 1346 1674 ac
1370 1632 1664 1684 neglegentiam’
1695 1635 1815 1674 scribi

243 1693 378 1732 voluit.
436 1693 563 1732 Huius
600 1694 700 1732 enim
731 1694 967 1734 substantivi
998 1696 1037 1733 in
1068 1695 1290 1733 accusativo
1321 1706 1399 1733 non
1430 1694 1701 1732 offendendum
1731 1705 1815 1732 esse

245 1751 435 1799 arbitror,
467 1752 559 1798 quia
588 1751 821 1798 significatio
852 1752 934 1791 eius
966 1755 1110 1800 quanto
1143 1764 1260 1799 opere
1289 1753 1448 1791 recedat
1477 1763 1501 1789 a
1531 1752 1687 1798 ceteris,
1719 1763 1815 1798 quo-

246 1821 331 1846 rum
356 1809 413 1847 vis
438 1809 607 1847 verbalis
632 1809 841 1848 manifesta
866 1813 935 1857 est,
959 1810 1075 1848 facile
1100 1810 1283 1848 cernitur.
1318 1809 1569 1848 Probabilius
1593 1809 1654 1847 vir
1678 1808 1815 1847 doctus

246 1877 400 1905 versum
425 1867 600 1905 Lucretii
623 1866 673 1918 (1,
695 1867 791 1917 454)
821 1871 864 1905 ut
895 1868 1069 1915 spurium
1101 1867 1225 1914 eiecit,
1255 1867 1323 1906 ubi
1348 1871 1407 1906 est
1431 1866 1715 1906 substantivum
1745 1866 1815 1904 ‘in-

246 1925 388 1962 tactus'
418 1935 510 1962 casu
541 1924 678 1972 primo.
731 1925 996 1963 Formationis
1028 1925 1360 1964 substantivorum
1391 1925 1623 1970 inconsultu,
1653 1924 1816 1970 iniussu,

247 1981 429 2020 invocatu
460 1993 578 2020 causa
607 1984 821 2030 repetenda
843 1983 999 2021 videtur
1023 1995 1109 2021 esse
1133 1995 1156 2021 a
1182 1982 1311 2024 studio
1337 1983 1504 2030 quodam
1526 1981 1731 2020 brevitatis
1757 1981 1816 2020 di-

249 2039 376 2085 cendi;
407 2040 559 2077 accedit
589 2040 773 2086 analogia
802 2040 1099 2087 participiorum
1125 2040 1404 2088 negativorum,
1435 2039 1654 2078 inconsulto
1680 2042 1815 2077 senatu

247 2097 396 2136 indicta
426 2108 555 2143 causa,
586 2097 741 2135 inorata
771 2109 890 2135 causa
920 2101 958 2135 et
987 2099 1035 2136 al.
1066 2098 1172 2136 mult.

362 2155 437 2193 Sed
468 2166 554 2192 cum
584 2155 657 2192 1130
681 2166 880 2193 versemur
910 2154 951 2192 in
982 2155 1218 2202 quaestione,
1249 2154 1402 2193 licuerit
1432 2166 1516 2193 eam
1545 2154 1700 2202 longius
1724 2165 1815 2201 pro—

247 2212 351 2250 ferre
387 2215 504 2259 atque
539 2212 580 2249 in
611 2212 963 2251 considerationem
993 2224 1133 2251 vocare
1163 2212 1279 2251 etiam
1309 2213 1429 2251 verba
1459 2212 1651 2259 negativa.
1710 2211 1817 2258 Quae

248 2269 349 2307 enim
387 2270 430 2306 0.
460 2269 650 2308 Mullerus
685 2268 748 2322 (ad
783 2269 888 2308 Fest.
923 2282 958 2317 p.
998 2269 1091 2320 107)
1127 2271 1275 2309 docuit:
1312 2270 1374 2317 ,in‘
1411 2270 1515 2316 quod
1549 2269 1814 2307 abnuitionem

249 2326 453 2374 significat,
479 2339 557 2365 non
581 2328 828 2375 componitur
853 2339 938 2366 cum
963 2328 1094 2367 verbis
1119 2328 1290 2375 exceptis
1315 2327 1547 2375 participiis’
1570 2337 1640 2374 per
1657 2327 1814 2372 longum

248 2387 399 2431 tempus
434 2385 539 2422 nullo
570 2388 814 2432 repugnante
843 2386 1058 2433 valuerunt,
1091 2397 1176 2423 cum
1206 2386 1248 2424 P.
1278 2385 1485 2432 Langenus
1514 2384 1556 2422 in
1587 2383 1815 2431 quaestione

249 2443 298 2481 de
328 2442 437 2480 verbi
469 2441 743 2481 ‘inconciliare’
766 2443 938 2481 Plautini
965 2443 1114 2490 origine
1146 2442 1506 2490 significationeque
1534 2442 1635 2480 hanc
1665 2442 1703 2479 111
1734 2452 1814 2479 rem

250 2499 376 2537 denuo
407 2499 610 2546 inquisivit
622 2498 649 2549 1)
679 2501 729 2538 3(1
760 2501 991 2539 sententiam
1015 2501 1214 2548 vulgarem
1244 2500 1505 2538 refellendam.
1557 2499 1815 2545 Argumenta—

248 2557 395 2595 tionem
414 2556 488 2595 viri
509 2557 615 2595 docti
634 2558 805 2596 secuturi
823 2570 908 2596 eam
930 2557 1196 2605 quaestionem
1214 2557 1524 2604 retractabimus,
1541 2560 1586 2595 ut
1603 2556 1815 2602 videamus,

250 2614 342 2661 quid
373 2626 419 2652 ex
450 2614 644 2652 sententia
668 2614 751 2653 eius
777 2615 828 2654 sit
852 2616 1161 2663 improbandum,
1187 2615 1280 2663 quid
1304 2618 1408 2654 recte
1432 2614 1658 2662 exposuisse
1682 2613 1815 2652 videa-

249 2675 323 2710 tur.
351 2694 401 2700 --
429 2672 591 2710 Orditur
615 2671 822 2720 Langenus
846 2674 894 2711 ab
921 2673 968 2711 iis
994 2673 1224 2721 participiis,
1250 2685 1348 2720 quae
1373 2683 1604 2720 quamquam
1629 2671 1705 2710 vim
1730 2683 1815 2709 ver-

248 2730 375 2768 balem
395 2729 627 2767 retinuerint
645 2730 756 2777 plene
769 2742 991 2778 expressam
1005 2735 1134 2770 tamen
1148 2742 1232 2769 cum
1246 2731 1309 2768 ‘in’
1321 2730 1502 2777 negativo
1516 2731 1814 2777 componantur;

251 2799 326 2834 quo
347 2788 386 2825 in
407 2799 548 2833 genere
567 2792 767 2827 enumerat
784 2792 874 2829 ‘non
898 2801 958 2827 me
977 2789 1172 2828 indicente
1191 2789 1286 2827 haec
1304 2788 1423 2827 fiunt’.
1460 2787 1547 2826 Ter.
1560 2787 1632 2826 Ad.
1647 2788 1740 2826 507.
1760 2808 1812 2814 -—-

345 2912 370 2954 ¹)
394 2912 490 2944 Beitr.
518 2922 573 2943 zur
600 2912 677 2944 Krit.
706 2913 770 2944 und
800 2912 887 2945 ΕΓΗ.
912 2912 971 2944 dos
1000 2913 1132 2944 Plautus
1160 2923 1188 2953 p.
1218 2911 1291 2944 181.
