1950 3198
886 151 1165 193 *35-

238 270 373 309 Silium
403 269 585 307 Italicum
616 267 806 306 latissime
830 270 949 314 patet.
1000 266 1241 313 Quamquam
1266 265 1386 313 igitur
1411 265 1601 314 Tacitum,
1631 267 1698 314 qui
1722 268 1812 306 huic

235 327 325 366 usui
355 338 403 364 ex
433 325 627 374 pedestris
660 324 849 363 sermonis
881 322 1142 371 scriptoribus
1173 323 1289 370 longe
1318 322 1484 362 maxime
1515 323 1681 370 studuit,
1711 325 1812 363 hanc

234 383 390 423 dicendi
428 381 749 421 consuetudinem
785 381 911 428 ipsam
943 381 1149 419 adamasse
1180 379 1403 428 putabimus
1434 392 1512 419 non
1543 381 1583 419 in
1614 381 1812 428 Sallustio,
1872 403 1877 408 ·

234 442 303 480 sed
344 441 385 479 in
423 451 515 479 suae
552 438 694 477 aetatis
731 438 876 486 poetis,
920 441 1048 476 tamen
1085 437 1177 485 quia
1213 437 1493 476 adiectivorum
1532 438 1741 477 multorum
1772 439 1812 476 in

234 497 441 537 structuris
478 496 740 542 consentiunt,
776 507 800 534 a
837 495 1066 542 quaestione
1102 498 1238 534 nostra
1274 502 1350 533 non
1388 494 1556 533 alienum
1587 507 1673 534 esse
1702 499 1811 534 ratus

234 567 337 602 sum,
376 555 417 592 in
454 553 765 603 similitudinem,
802 564 901 600 quae
937 552 1038 591 inter
1075 551 1279 598 utriusque
1309 563 1430 599 genus
1462 552 1616 591 dicendi
1646 553 1812 591 interce-

235 613 355 660 deret,
387 611 586 658 inquirere
616 610 790 649 breviter
822 610 997 648 dicturus
1028 610 1076 648 de
1107 609 1309 648 adiectivis
1340 621 1430 647 vere
1459 609 1646 657 relativis,
1677 610 1813 657 copio-

235 670 315 708 sius
348 670 395 708 de
425 667 680 707 insolentiore
709 667 776 706 illo
808 667 979 715 genetivi
1009 678 1092 705 usu.
1124 688 1176 695 --

350 730 392 771 a)
422 726 584 764 Veteres
616 724 919 772 Sallustiumque
951 727 1107 762 secutus
1132 723 1291 762 Tacitus
1323 735 1408 762 cum
1439 723 1621 771 genetivo
1654 724 1815 762 coniun-

234 784 292 832 git
331 784 368 833 1)
397 783 630 822 adiectivum
667 781 920 821 ‘manifestus'
958 792 1074 820 sensu
1110 781 1288 829 proprio:
1331 781 1456 819 Plaut.
1493 783 1591 819 truc.
1629 780 1660 827 Ι,
1692 782 1728 828 2,
1759 782 1814 820 30

238 841 443 880 mendacii.
502 839 694 887 Amphitr.
731 839 778 878 fr.
815 839 886 878 IX.
925 838 1005 878 GL.
1042 838 1133 876 Sall.
1170 838 1253 877 Cat.
1289 839 1361 885 52,
1398 839 1451 878 36
1494 849 1624 876 rerum
1662 838 1812 886 capita-

236 899 342 936 lium.
391 897 448 945 Ig.
481 898 547 944 35,
578 899 603 935 8
635 896 804 935 sceleris.
855 897 946 934 Tac.
977 907 1065 934 ann.
1095 895 1148 943 II,
1180 897 1232 935 85
1267 895 1410 935 delicti.
1453 895 1567 941 XIII,
1597 897 1650 934 26
1683 895 1813 933 crimi-

235 955 308 994 nis.
348 955 440 1002 XV,
473 956 527 994 60
563 953 859 992 coniurationis.
897 973 949 981 —-
990 953 1113 992 Sensu
1149 954 1342 992 translato
1380 952 1491 992 Ovid.
1527 952 1616 991 fast.
1648 953 1692 999 V,
1730 954 1811 992 313

237 1012 384 1052 doloris
416 1034 467 1040 -
501 1015 540 1050 et
569 1011 660 1050 Tac.
691 1023 780 1049 ann.
810 1011 877 1058 IV,
902 1012 955 1050 53
984 1009 1207 1049 offensionis
1232 1013 1301 1048 aut
1326 1013 1462 1049 metus.
1503 1009 1593 1056 XII,
1618 1010 1669 1048 51
1698 1010 1813 1048 vitae.

238 1069 350 1117 XIII,
382 1070 435 1108 23
467 1069 665 1107 vanitatis.
712 1068 797 1116 XV,
828 1069 883 1106 54
914 1078 1078 1114 magnae
1108 1067 1372 1114 cogitationis.
1409 1078 1440 1106 c.
1472 1069 1525 1106 66
1557 1067 1727 1114 pavoris.
1759 1089 1811 1095 —

355 1125 393 1176 2)
422 1126 605 1174 ‘cupiens'
635 1126 762 1164 Plaut.
793 1126 871 1164 mil.
904 1126 1011 1165 1049
1045 1127 1083 1163 et
1113 1136 1239 1172 saepe.
1270 1124 1352 1173 (cfr.
1383 1125 1490 1162 Brix.
1522 1125 1571 1163 ad
1603 1127 1703 1171 capt.
1736 1126 1813 1173 98).

235 1185 336 1223 Enn.
368 1196 458 1222 ann.
490 1196 523 1222 v.
555 1185 610 1222 80
640 1183 762 1230 regni.
817 1183 908 1221 Sall.
939 1183 1028 1221 hist.
1058 1181 1107 1220 fr.
1138 1182 1210 1220 inc.
1243 1183 1295 1220 32
1320 1182 1378 1230 (V.
1405 1183 1471 1230 15)
1501 1181 1814 1228 cupientissimus

238 1241 347 1290 legis.
384 1241 475 1280 Tac.
500 1253 588 1279 ann.
621 1240 652 1287 Ι,
679 1241 744 1280 75.
787 1240 851 1287 VI,
877 1241 942 1279 46.
978 1238 1082 1286 XIV,
1110 1240 1173 1277 14.
1211 1240 1295 1286 XV,
1320 1240 1386 1286 46,
1414 1241 1478 1277 72.
1514 1238 1618 1286 XVI,
1645 1241 1682 1279 6.
1718 1239 1814 1277 Α111·.

236 1299 336 1337 Vict.
369 1298 477 1337 Caes.
510 1299 575 1344 24,
608 1299 644 1336 9.
688 1299 753 1344 33,
786 1298 838 1335 14
869 1297 1035 1345 imperii.
1067 1319 1121 1325 ——

351 1356 414 1395 Ad
444 1356 660 1403 exemplum
691 1355 974 1393 adiectivorum
1004 1354 1158 1402 plenus,
1194 1353 1324 1400 inops,
1362 1353 1489 1391 inanis
1520 1365 1606 1392 cum
1637 1353 1816 1400 genetivo

239 1414 480 1461 coniungunt
505 1413 622 1451 etiam
648 1412 843 1451 adiectiva
867 1413 1035 1450 ‘vacuus'
1060 1412 1150 1450 Sall.
1176 1410 1232 1458 Ig.
1255 1412 1319 1458 90,
1339 1412 1374 1449 1.
1412 1410 1504 1448 Tac.
1523 1422 1611 1449 ann.
1629 1411 1712 1457 XV,
1733 1412 1758 1449 8
1781 1415 1819 1449 et

237 1471 404 1510 ‘fertilis'
428 1470 641 1509 ‘fecundus’
666 1470 757 1508 Sall.
783 1469 840 1517 Ig.
862 1471 926 1516 17,
945 1471 982 1508 5.
1008 1469 1099 1507 Tac.
1120 1469 1247 1507 Germ.
1262 1469 1299 1506 5.
1318 1467 1409 1507 hist.
1422 1468 1454 1517 Ι,
1470 1469 1534 1506 11.
1565 1480 1653 1506 ann.
1673 1467 1738 1515 IV,
1753 1470 1818 1508 65.

356 1528 508 1567 Deinde
538 1528 614 1565 huc
644 1530 795 1574 spectat
825 1526 984 1565 ‘melior’
1015 1527 1067 1564 ad
1097 1526 1313 1573 exemplum
1337 1525 1620 1564 adiectivorum
1651 1526 1818 1573 ‘gnarus’

237 1586 411 1634 ‘peritus'
440 1585 593 1623 ‘sciens'
623 1596 708 1622 cum
738 1584 918 1631 genetivo
950 1584 1214 1628 coniunctum:
1253 1582 1344 1621 Sall.
1377 1582 1434 1629 Ig.
1465 1583 1537 1629 49,
1568 1585 1592 1620 2
1624 1595 1673 1621 116
1701 1583 1818 1621 rudes

240 1655 326 1682 cum
364 1642 458 1681 belli
487 1642 714 1680 melioribus
744 1653 900 1679 manum
931 1643 1180 1680 consererent
1211 1662 1262 1667 ——
1295 1640 1336 1678 id
1366 1643 1426 1678 est
1456 1651 1542 1677 cum
1572 1640 1664 1679 belli
1696 1640 1819 1678 scien-

238 1700 419 1746 tioribus,
450 1701 543 1747 quia
572 1699 666 1737 belli
695 1699 859 1737 rudibus
887 1702 1137 1746 opponuntur
1160 1697 1255 1736 belli
1278 1697 1459 1735 meliores
1518 1697 1608 1735 Tac.
1633 1709 1720 1735 ann.
1745 1697 1819 1743 ΙΙΙ,

241 1759 294 1797 74
331 1757 490 1796 furandi
527 1756 675 1795 melior.
723 1756 789 1795 Sil.
820 1757 859 1803 5,
890 1757 984 1795 333.
1034 1758 1069 1802 7,
1101 1756 1195 1794 619.
1244 1754 1319 1793 Sed
1349 1754 1465 1792 ‘belli’
1495 1757 1534 1792 et
1562 1752 1748 1792 ‘militiae'
1778 1754 1817 1792 in

242 1814 508 1854 locutionibus
540 1813 720 1861 egregius
751 1812 915 1851 militiae
945 1813 1035 1851 Sall.
1061 1813 1150 1850 hist.
1180 1811 1211 1850 Ι.
1244 1813 1324 1850 106
1349 1810 1467 1861 (112),
1498 1815 1700 1859 promptus
1726 1811 1819 1849 belli

239 1872 330 1910 hist.
369 1871 423 1910 II.
461 1872 513 1910 13
544 1871 642 1922 (18),
684 1882 775 1909 acer
810 1870 974 1908 militiae
1009 1870 1101 1908 Tac.
1136 1869 1226 1907 hist.
1263 1868 1317 1915 II,
1354 1869 1398 1915 5,
1440 1871 1620 1906 strenuus
1658 1868 1821 1916 militiae

240 1929 330 1967 hist.
366 1929 445 1976 ΙΙΙ,
476 1929 542 1975 43,
579 1928 771 1975 inglorius
807 1927 971 1965 militiae
1007 1927 1097 1965 hist.
1128 1926 1199 1973 III,
1236 1927 1307 1972 59,
1344 1925 1510 1972 impiger
1539 1925 1702 1963 milit-iae
1733 1937 1820 1964 ann.

240 1985 312 2034 III,
342 1987 409 2033 48,
451 1988 633 2034 expertus
663 1985 756 2024 belli
786 1985 866 2022 hist
894 1984 960 2031 IV,
994 1985 1045 2023 76
1084 1983 1274 2021 locativos
1306 1982 1494 2021 ducimus.

360 2043 564 2082 Postremo
577 2040 605 2091 1)
635 2042 794 2081 confero
825 2041 916 2080 Sall.
946 2041 1036 2080 hist.
1059 2040 1134 2078 III.
1159 2042 1210 2079 81
1238 2039 1318 2089 (99)
1349 2039 1490 2078 dubius
1523 2039 1687 2078 consilii.
1731 2039 1821 2078 Tac.

242 2100 331 2139 hist.
369 2099 427 2148 II,
457 2100 524 2139 83.
571 2099 643 2147 IV,
677 2101 726 2138 21
767 2098 973 2146 ambiguus
1010 2097 1174 2137 consilii.
1222 2097 1324 2136 adde
1359 2097 1449 2138 hist.
1484 2096 1563 2144 III,
1595 2097 1648 2136 43
1687 2097 1821 2135 futuri.

244 2169 332 2196 ann.
362 2157 399 2205 I,
431 2159 453 2197 7
486 2156 717 2205 imperandi.
764 2156 822 2204 II,
854 2157 909 2195 40
939 2155 1103 2203 pudoris
1142 2157 1181 2193 et
1216 2158 1353 2192 metus.
1409 2154 1498 2193 Tac.
1536 2154 1626 2192 hist.
1657 2154 1735 2201 HI,
1767 2155 1820 2194 56

337 2305 364 2345 1)
388 2304 424 2336 111
456 2304 498 2336 iis
530 2304 721 2346 adiectivis,
754 2303 875 2344 quibus
900 2301 1037 2334 Tacitus
1069 2302 1260 2344 genetivum
1287 2301 1469 2342 addiderit,
1501 2301 1811 2341 D1=aegcr11s(Sy11t

245 2351 314 2383 und
340 2348 400 2382 Stil
434 2350 493 2382 des
525 2350 603 2383 Tac
635 2348 655 2392 ξ
682 2349 771 2387 716)
799 2354 951 2380 numerat
983 2348 1082 2380 etiam
1113 2346 1269 2380 ‘':suetus
1307 2356 1381 2378 ⁴uin
1407 2345 1430 2388 Ι,
1456 2326 1498 2379 31
1529 2346 1686 2378 lasciviae
1718 2352 1822 2377 sueta.

244 2396 340 2439 XIII,
366 2395 409 2429 42
440 2397 596 2427 iuvenum
627 2395 809 2437 impeiitiae
840 2400 983 2427 suetum.
1025 2393 1107 2436 XV,
1133 2394 1176 2427 31
1210 2398 1364 2425 externae
1394 2392 1569 2434 supeibiae
1600 2397 1705 2424 sueto.
1756 2390 1823 2430 Sed

247 2453 322 2474 cum
348 2439 487 2474 ‘suetus’
513 2441 647 2483 saepius
674 2451 749 2472 cum
769 2439 892 2482 dativo,
917 2450 1083 2480 nusquam
1108 2445 1218 2471 autem
1239 2449 1314 2470 cum
1334 2438 1488 2479 genetivo
1510 2438 1738 2479 coniungatm,
1766 2448 1824 2468 6111·

245 2489 434 2529 Draegeius
469 2486 522 2519 his
554 2487 636 2519 locis
669 2486 818 2519 dativum
849 2487 951 2518 statui
980 2486 1138 2528 noluerit,
1176 2461 1353 2526 equidem¹³
1361 2494 1424 2516 nou
1451 2483 1618 2524 intellego.
1669 2482 1822 2514 Ceterum

246 2532 425 2566 Sallustius
452 2538 483 2565 et
507 2533 643 2565 Tacitus
668 2533 701 2564 iu
726 2532 881 2564 adiectivi
907 2530 1045 2564 ‘suetus'
1070 2542 1133 2563 usu
1160 2531 1306 2563 ‹n-1eb1ius
1333 2530 1548 2562 conveniunt:
1574 2529 1652 2562 Sz.111
1678 2528 1756 2561 hist.
1781 2528 1822 2563 ΙΙ.

245 2579 290 2613 67
313 2580 384 2622 (77)
407 2588 514 2620 genus
540 2579 682 2614 militum
707 2583 840 2610 suetum
865 2588 884 2609 a
910 2578 1051 2619 pueritia
1075 2576 1265 2609 latrociniis.
1309 2575 1348 2607 Il.
1374 2575 1419 2609 80
1436 2575 1507 2618 (78)
1524 2584 1631 2615 genus
1651 2574 1820 2606 hominum

247 2634 371 2666 vagum
403 2630 435 2657 et
467 2625 590 2666 rapinis
621 2629 752 2656 suetum
778 2623 887 2664 magis
913 2633 1012 2664 quam
1037 2623 1107 2664 agri
1134 2623 1288 2654 cultibus.
1316 2639 1359 2645 --
1383 2621 1461 2653 Tac.
1488 2619 1691 2662 ’11111.11,52
1716 2629 1820 2661 vagos

246 2671 391 2712 primum
421 2675 453 2702 et
478 2670 658 2702 latrociniis
684 2675 807 2702 suetos.
858 2670 899 2701 Pr
901 2674 1031 2701 {·1ete1ea
1055 2666 1192 2700 ‘suetus’
1219 2676 1294 2700 cum
1319 2667 1385 2699 dat.
1410 2667 1517 2708 iungit
1541 2665 1608 2697 hist
1639 2665 1663 2707 Ι,
1689 2665 1743 2699 68.
1759 2642 1822 2707 ΟΥ,

248 2717 279 2750 6.
302 2715 354 2749 14.
380 2725 454 2747 anu.
474 2714 549 2758 XII,
569 2715 623 2749 50.
644 2715 688 2749 56
723 2714 816 2756 XIV,
836 2714 889 2748 27.
911 2732 953 2737 ——
972 2713 1174 2746 Infinitivum
1194 2724 1212 2744 a
1232 2711 1371 2745 ‘suetus'
1391 2718 1506 2753 aptum
1526 2712 1712 2743 invenimus
1733 2711 1822 2752 apud

249 2762 328 2796 San.
352 2761 430 2794 hist.
450 2761 474 2793 1.
493 2761 514 2795 9
531 2761 602 2803 (10)
626 2762 668 2793 At
694 2741 861 2792 discordia
887 2766 917 2791 et
944 2766 1049 2792 cetera
1076 2759 1233 2791 secundis
1258 2759 1357 2790 rebus
1377 2758 1450 2789 oriri
1473 2763 1567 2789 sueta
1587 2757 1684 2790 mala.
1721 2756 1821 2798 Apud

248 2806 502 2848 ’1116113512
526 2812 655 2848 praeter
680 2807 785 2838 oleam
811 2806 979 2846 vitemque
1004 2811 1035 2837 et
1061 2810 1169 2838 cetera
1194 2804 1406 2837 calidioribus
1432 2803 1527 2836 terris
1552 2802 1626 2834 oriri
1652 2805 1755 2834 sueta.
1776 2819 1820 2824 —

250 2862 324 2885 aun.
351 2852 409 2895 IV,
434 2852 488 2886 67.
520 2852 578 2896 vl,
603 2851 658 2886 35.
688 2851 763 2884 XV.
789 2852 844 2887 36
