1950 3198
828 178 1108 230 „1³7d

782 321 826 365 G.
874 322 943 366 De
973 321 1156 366 Verbis.

304 416 340 466 1)
382 417 557 456 Sallustii
597 416 800 464 Tacitique
847 417 1032 465 proprius
1075 420 1135 473 est
1181 428 1292 455 usus
1334 417 1464 455 verbi
1508 417 1761 464 ,occanere’

187 475 284 513 locis
307 475 387 514 his:
417 475 508 513 Sall.
532 475 620 513 hist.
647 474 678 513 Ι.
704 476 754 513 71
781 474 862 525 (69)
886 475 1103 513 cornicines
1129 477 1403 513 occanueruut.
1429 474 1476 512 fr.
1508 475 1582 513 inc.
1607 476 1661 514 82
1692 475 1760 514 Kr.

189 543 336 571 cornua
373 535 646 572 occanuerunt.
704 532 796 570 Tac.
833 543 920 570 ann.
956 531 1014 579 II,
1045 533 1096 570 81
1131 542 1345 570 occanuere
1381 543 1539 571 cornua.
1577 555 1627 560 -
1666 533 1761 571 Rei-

189 590 310 638 sigius
323 589 351 640 1)
379 589 605 629 Sallustium
641 590 715 627 hoc
745 589 905 627 verbnm
941 589 1101 628 finxisse
1136 592 1246 628 ratus
1283 592 1343 627 est
1379 590 1429 628 ad
1466 588 1762 637 significandum

187 648 342 694 plenum
372 658 559 686 cornuum
589 647 826 694 clangorem,
863 647 925 684 cui
954 646 1119 694 Reisigii
1150 646 1366 686 sententiae
1394 646 1566 686 Haasius
1576 645 1606 697 2)
1635 649 1763 694 addit,

188 705 412 743 Sallustium
438 705 604 743 cavisse
638 705 731 742 mali
768 704 907 743 ominis
944 705 1142 742 notionem
1183 704 1294 742 verbi
1336 704 1515 743 occinere
1550 706 1761 752 propriam.

185 762 283 812 (Liv.
307 762 371 809 VI,
402 763 468 809 41,
498 762 535 800 8.
587 762 636 813 X,
667 762 732 808 40,
767 761 854 812 14.).
886 784 937 790 —
970 762 1210 809 Quamquam
1241 761 1450 809 praecipue
1479 761 1644 809 Reisigii
1675 775 1761 801 sen-

186 817 350 858 tentiam
392 820 552 858 multum
595 819 740 857 habere
780 819 1075 867 probabilitatis
1111 830 1189 858 non
1225 830 1339 866 nego,
1381 822 1511 858 tamen
1548 821 1762 867 quaeritur,

188 888 279 915 num
309 877 401 915 talis
425 877 535 916 verbi
560 877 767 924 compositi
797 876 982 915 formatio
1013 877 1118 915 haud
1147 877 1204 915 ita
1228 877 1453 915 convenerit
1475 876 1643 925 linguae.
1685 877 1763 917 Vo-

189 934 291 973 cales
308 935 515 973 verborum
539 934 580 972 in
605 934 888 982 compositione
907 937 1037 972 utrum
1058 933 1311 973 debilitentur
1335 945 1386 972 an
1411 935 1549 982 plenae
1567 935 1763 974 retinean—

187 995 262 1038 tur,
291 991 585 1039 compositionis
609 991 733 1039 ipsius
759 1003 806 1030 ex
829 992 983 1030 ratione
1007 993 1200 1039 modoque
1223 994 1357 1039 aptum
1377 1003 1463 1031 esse
1482 993 1578 1031 satis
1597 997 1763 1032 constat.

188 1048 229 1087 Si
258 1049 418 1088 verbum
449 1049 707 1096 compositum
737 1052 898 1088 accentu
929 1050 1124 1088 communi
1154 1049 1447 1100 continebatur,
1477 1051 1624 1089 vocalis
1653 1051 1764 1090 verbi

186 1107 412 1154 plerumque
436 1107 589 1145 solebat
613 1107 829 1153 debilitari;
861 1107 922 1145 sin
951 1110 1082 1146 autem
1107 1107 1283 1154 singulae
1306 1107 1417 1145 verbi
1441 1108 1648 1155 compositi
1672 1120 1763 1156 par-

189 1167 248 1202 tes
279 1164 340 1202 sni
371 1175 547 1212 quaeque
582 1168 763 1204 accentus
800 1164 997 1211 paululum
1027 1164 1290 1211 retinuerunt,
1320 1165 1481 1203 verbum
1511 1165 1638 1212 ipsum
1668 1166 1762 1204 reti-

190 1221 308 1260 nebat
331 1222 503 1260 vocalem
528 1222 691 1269 plenam.
729 1222 842 1262 Unde
864 1219 918 1268 fit,
945 1225 986 1259 ut
1009 1223 1130 1260 verba
1155 1232 1239 1260 cum
1265 1222 1623 1269 praepositionibus
1648 1223 1763 1262 unius

191 1279 362 1328 syllabae
392 1279 609 1326 composita
631 1280 784 1318 vocales
815 1279 986 1317 habeant
1016 1279 1241 1327 plerumque
1272 1279 1508 1327 debilitatas,
1540 1284 1677 1319 contra
1707 1292 1764 1327 ea,

192 1336 333 1384 quibus
357 1336 670 1384 praepositiones
696 1337 860 1376 duarum
886 1337 1122 1386 syllabarum
1147 1338 1393 1384 antecedunt,
1417 1338 1563 1384 plenas.
1607 1337 1682 1377 Sed
1700 1338 1766 1377 vix

191 1394 272 1432 ulla
301 1393 380 1432 alia
408 1394 449 1432 in
472 1405 515 1432 re
544 1394 715 1442 linguam
739 1394 901 1441 latinam
926 1394 1069 1433 scimus
1101 1394 1198 1434 adeo
1223 1394 1300 1433 sibi
1325 1406 1403 1432 non
1427 1398 1619 1442 constare,
1650 1406 1764 1443 quam

192 1451 232 1489 in
262 1451 351 1499 hac,
387 1451 445 1489 ita
474 1455 518 1490 ut
548 1452 646 1490 certi
676 1451 824 1499 aliquid
853 1451 1028 1500 praecipi
1058 1463 1135 1490 non
1164 1451 1307 1499 possit,
1339 1448 1443 1500 quod
1474 1452 1628 1500 quidem
1660 1453 1766 1492 cadit

193 1519 279 1546 cum
317 1512 466 1547 ceteras
503 1509 544 1547 in
579 1509 732 1548 litteras
762 1513 845 1547 tum
881 1508 1047 1547 maxime
1077 1509 1117 1547 in
1147 1520 1172 1547 a
1200 1509 1383 1548 litteram.
1442 1509 1727 1549 Brambachius
1737 1509 1767 1561 8)

193 1565 375 1614 quoniam
413 1566 612 1614 exposuit,
651 1578 765 1614 quam
801 1577 943 1614 magna
974 1566 1026 1605 sit
1055 1566 1321 1606 inconstantia
1350 1567 1507 1614 linguae
1537 1567 1577 1606 in
1608 1579 1765 1616 compo-

192 1623 333 1662 sitione
357 1634 490 1662 eorum
514 1624 734 1672 verborum,
764 1625 805 1663 in
830 1624 970 1672 quibus
996 1635 1020 1662 a
1043 1623 1176 1662 littera
1205 1627 1379 1663 mutatur
1409 1634 1495 1663 cum
1520 1636 1541 1663 e
1563 1625 1764 1674 (consacro

192 1683 231 1719 et
255 1691 451 1728 consecro,
476 1684 677 1720 contracto
703 1684 743 1720 et
761 1684 973 1729 contrecto,
998 1684 1210 1729 praecauto
1235 1684 1274 1720 et
1298 1685 1508 1730 praecento
1533 1682 1595 1732 al.)
1618 1683 1764 1731 pergit:

192 1738 371 1786 „Ebenso
402 1738 510 1785 giebt
538 1749 578 1778 es
603 1739 922 1787 Schwankungen
952 1738 1143 1777 zwischen
1173 1739 1248 1778 den
1277 1739 1603 1787 ursprnngliehen
1627 1741 1662 1779 A
1686 1741 1766 1779 und

194 1796 262 1834 der
290 1795 612 1844 Abschwachung
646 1796 677 1834 Ι.
743 1796 793 1835 So
831 1797 899 1835 hat
934 1807 1023 1834 man
1059 1795 1168 1834 nicht
1203 1808 1279 1835 nur
1307 1796 1347 1835 in
1383 1796 1661 1836 minderfesten
1690 1798 1765 1837 Zu-

194 1856 579 1901 sammensetzungen
608 1853 655 1900 A,
684 1853 755 1892 wie
784 1853 984 1901 perfacilis
1013 1854 1137 1892 neben
1169 1852 1357 1902 difficilis,
1394 1855 1611 1902 posthabeo
1642 1856 1766 1895 neben

194 1910 391 1958 perhibeo,
422 1911 591 1950 sondern
622 1911 843 1959 uberhaupt
873 1911 1100 1950 erscheinen
1131 1910 1194 1949 die
1224 1912 1512 1960 Umlautungen
1543 1924 1591 1950 zu
1621 1913 1654 1951 E
1685 1914 1766 1952 und

192 1966 212 2005 Ι
243 1967 350 2006 nicht
385 1968 484 2006 nach
522 1967 771 2007 bestimmten
807 1968 1032 2008 Gesetzen.“
1063 1990 1116 1996 —
1148 1968 1285 2017 Neque
1321 1969 1362 2007 in
1398 1970 1626 2018 compositis
1656 1971 1766 2010 verbi

192 2035 331 2063 canere
356 2025 455 2064 hanc
479 2026 783 2064 inconstantiam
809 2026 1093 2065 desideramus:
1125 2026 1199 2065 etsi
1224 2026 1327 2065 enim
1352 2027 1473 2065 multo
1499 2027 1685 2066 usitatior
1709 2032 1768 2067 est

191 2081 412 2121 debilitatio
442 2094 467 2121 a
495 2083 652 2122 litterae
686 2083 726 2121 in
758 2084 772 2122 i
800 2083 1007 2132 (accinere‚
1038 2083 1261 2131 concinere,
1300 2084 1495 2136 occinere,
1530 2085 1768 2132 praecinere,

190 2139 412 2189 succinere),
429 2143 559 2179 tamen
578 2151 601 2178 a
619 2140 790 2179 litteram
811 2140 973 2179 retineri
992 2152 1071 2180 non
1088 2140 1308 2180 inauditum
1329 2146 1398 2180 est.
1430 2142 1542 2180 Varr.
1557 2143 1580 2180 l.
1594 2143 1617 2181 1.
1632 2142 1697 2181 VI.
1713 2144 1765 2182 75

191 2196 257 2235 VI.
280 2197 332 2235 75
358 2201 635 2236 commemorat
657 2199 778 2237 verba
802 2198 978 2237 ‘accanit'
1003 2202 1041 2237 et
1059 2198 1269 2237 ‘succauit’.
1310 2198 1438 2238 Plinio
1463 2199 1604 2238 maiori
1629 2199 1669 2237 in
1694 2211 1767 2238 usu

192 2256 282 2292 sunt
310 2254 430 2292 verba
448 2255 613 2294 ‘recano'
631 2258 670 2294 et
692 2257 922 2303 ‘praecano'‚
938 2267 1111 2303 quorum
1135 2256 1232 2294 illud
1257 2259 1385 2295 exstat
1410 2256 1449 2294 in
1474 2269 1508 2294 n.
1528 2257 1564 2294 h.
1588 2258 1651 2303 10,
1674 2258 1765 2296 102.

193 2311 258 2357 28,
280 2311 331 2349 19
352 2314 390 2349 et
408 2311 485 2350 iam
511 2313 615 2359 apud
634 2312 749 2360 Verg.
774 2313 845 2352 cul.
865 2325 900 2351 v.
922 2314 985 2360 13,
1005 2313 1079 2351 hoc
1099 2314 1164 2360 29,
1184 2314 1250 2352 69.
1270 2336 1321 2341 —
1344 2313 1456 2360 Quod
1483 2314 1515 2352 si
1540 2314 1765 2353 Sallustium

195 2368 245 2406 ad
271 2366 565 2415 significandum
590 2380 776 2408 cornuum
801 2371 1022 2418 clangorem
1041 2370 1202 2408 verbum
1221 2371 1432 2409 ‘occanere'
1451 2371 1685 2418 praetulisse
1710 2371 1767 2409 illi

195 2425 310 2463 alteri
335 2435 412 2462 non
435 2425 694 2474 improbabile
719 2431 787 2474 est,
812 2431 941 2466 tamen
962 2428 1115 2466 vocales
1140 2427 1181 2466 in
1199 2428 1330 2467 verbis
1356 2428 1583 2476 compositis
1609 2428 1765 2467 omnino

193 2492 270 2519 non
300 2492 385 2520 esse
421 2486 612 2522 tractatas
643 2487 750 2522 certa
780 2495 827 2522 ex
857 2495 994 2523 norma
1025 2496 1102 2522 non
1138 2486 1417 2532 neglegendum
1448 2489 1516 2523 est.
1550 2507 1600 2512 —
1633 2485 1765 2523 Minus

194 2538 404 2586 singularis
435 2543 495 2578 est
523 2551 615 2578 usus
646 2540 846 2589 participii
869 2539 1138 2589 ‘superiactus'
1164 2538 1350 2581 Sallustio
1374 2542 1477 2590 (hist.
1502 2541 1552 2580 II.
1578 2542 1631 2580 83
1657 2542 1764 2594 [81]),

193 2594 320 2633 Plinio
349 2596 428 2645 (11,
457 2597 561 2647 270),
591 2597 728 2636 Tacito
758 2598 860 2646 (hist.
885 2598 958 2646 III,
985 2600 1049 2638 29.
1081 2599 1125 2646 V,
1152 2599 1191 2650 6)
1220 2598 1368 2638 usitati.
1401 2621 1452 2627 —

309 2654 346 2703 2)
374 2652 443 2691 Ex
473 2653 632 2693 verbis
669 2654 978 2702 incohativis,
1016 2666 1114 2703 quae
1144 2659 1353 2702 vocantur,
1389 2656 1533 2694 habent
1564 2666 1764 2693 commune

196 2710 355 2748 verbum
387 2709 612 2750 ‘insolesco'.
666 2711 755 2750 Sall.
787 2712 869 2750 Cat.
901 2714 938 2759 6,
971 2715 1006 2751 7.
1041 2713 1124 2751 Tir.
1154 2724 1216 2761 ap.
1249 2713 1346 2753 Gell.
1378 2712 1467 2759 VII,
1499 2713 1535 2759 3,
1569 2714 1631 2750 15.
1673 2713 1765 2751 Tac.

288 2800 300 2820 1
359 2800 367 2810 '
400 2810 406 2818 ·
648 2818 690 2824 —

262 2799 314 2885 ἰζ
337 2800 464 2878 Χὲἶιιιῖἶ
484 2811 526 2878 ἷιὶ
545 2799 674 2888 ῗξέξέῑς.
698 2846 753 2880 ur.
778 2846 854 2882 294.
883 2863 921 2870 -

288 2891 314 2931 ³)
336 2890 495 2932 Neugest.
522 2891 580 2924 der
604 2892 658 2924 lat.
685 2891 838 2934 Orthogr.
863 2902 895 2934 p.
922 2891 975 2925 78.
