1950 3198
859 182 1139 224 -42„..

210 296 274 342 25,
306 297 329 333 5
362 295 527 334 ‘Uticam
558 296 726 344 adpulsi’
758 300 797 334 et
821 299 887 343 86,
913 297 939 334 4
969 297 1135 344 ,Uticam
1167 296 1384 335 advehitur'
1415 299 1544 334 utrum
1575 296 1787 335 habeamus

209 356 445 390 structuram
475 353 684 391 verborum
715 353 961 392 transitivam
992 365 1043 391 an
1073 353 1337 391 accusativum
1370 353 1561 400 regionis,
1593 353 1656 400 qui
1690 353 1787 392 dici-

208 412 282 456 tur,
310 409 469 447 dubium
495 413 565 448 est.
594 433 644 437 —
674 411 790 458 Apud
815 410 968 448 Livium
994 411 1156 458 legimus
1181 411 1378 448 ‘allatrare
1403 411 1518 457 alqd!
1542 411 1620 456 (38,
1648 410 1714 456 54,
1738 412 1786 459 1).

207 466 417 504 Poetarum
454 468 618 514 propria
655 471 746 506 sunt
782 468 902 505 allabi
938 468 1094 506 assilire
1131 467 1316 506 advenire
1352 467 1492 506 advehi
1529 466 1669 505 afflare
1706 467 1788 507 (Ov.

210 528 299 561 met.
335 525 378 570 1,
409 524 505 573 542)
540 528 579 562 et
608 525 784 563 alludere
814 525 916 571 alqd.
965 525 1040 563 Sed
1072 524 1242 563 omnium
1273 524 1462 562 latissime
1492 524 1525 562 is
1556 536 1650 562 usus
1681 527 1790 570 patet

211 581 317 628 apud
349 580 545 628 Tacitum,
583 582 649 628 qui
687 585 844 629 praeter
875 582 1112 621 Sallustiana
1148 582 1216 620 illa
1246 581 1451 620 ‘accedere'
1482 581 1679 620 ‘assidere’
1710 581 1789 619 ‘ad-

210 638 375 675 volvere’
399 649 486 676 cum
511 639 736 678 accusativo
762 639 965 686 coniungit
983 639 1103 677 etiam
1123 640 1351 677 ‘accurrere’
1370 650 1457 677 ann.
1477 638 1560 686 XV,
1579 639 1633 676 53
1653 638 1791 687 (Apul.)

211 695 418 742 ‘appellere
442 696 599 733 terram’
624 706 712 734 ann.
736 695 788 742 ΙΙ,
816 697 881 743 25,
911 697 1163 744 ‘appugnare’
1186 707 1275 734 ann.
1299 695 1350 742 ΙΙ,
1370 696 1422 734 81
1445 696 1619 734 classem.
1649 694 1716 741 IV,
1735 694 1789 733 48

213 756 357 790 castra.
405 752 489 798 XV,
522 753 573 790 13
606 753 818 791 castellum.
862 754 1078 792 ‘assultare’
1108 765 1198 791 ann.
1227 753 1258 800 Ι,
1290 755 1340 791 51
1380 753 1506 791 latera
1541 756 1580 791 et
1609 752 1790 790 frontem.

211 809 446 847 ‘adventare’
470 821 560 847 ann.
585 810 651 856 VI,
676 810 731 848 44
755 810 977 858 propinqua
1002 810 1199 849 Seleuciae
1220 832 1270 838 -—-
1298 814 1336 848 et
1360 810 1487 857 poetis
1512 809 1790 858 praeeuntibus

210 866 375 904 ‘advehi’
406 877 493 904 ann.
519 866 571 913 II,
595 867 648 905 45
680 871 724 905 ut
755 878 929 914 quosque
959 869 1144 907 advectus
1170 870 1267 906 erat.
1315 879 1404 906 ann.
1430 867 1503 914 III,
1531 869 1550 905 1
1581 867 1790 915 Corcyram

210 923 378 961 insulam
409 924 626 962 advehitur.
681 924 770 962 hist.
801 924 879 972 III,
912 925 976 963 24.
1020 925 1066 972 V,
1096 927 1134 964 6.
1183 925 1312 963 Verbo
1344 925 1633 973 ‘propinquare'
1656 936 1680 962 a
1706 923 1791 961 Sal-

210 980 329 1018 lustio
359 980 464 1031 (hist.
494 980 562 1019 IV.
595 982 647 1020 62
679 980 770 1031 [20])
800 985 839 1020 et
869 981 1006 1020 Tacito
1037 982 1138 1033 (ann.
1170 982 1255 1029 XII,
1290 982 1354 1031 13)
1383 982 1629 1020 accusativus
1660 985 1789 1020 utrum

212 1038 262 1075 ad
294 1037 586 1076 similitudinem
617 1040 826 1077 verborum
857 1039 1161 1087 compositorum
1192 1039 1399 1078 adiunctus
1425 1039 1486 1085 sit,
1517 1051 1568 1077 an
1592 1040 1643 1078 ad
1668 1039 1789 1084 signi-

210 1094 403 1133 ficandam
432 1095 643 1143 regionem,
674 1096 824 1134 dubito.
855 1118 908 1123 -

326 1152 388 1189 Ex
417 1152 466 1190 iis
497 1152 635 1200 igitur,
673 1165 771 1201 quae
801 1153 1020 1200 attulimus,
1058 1154 1182 1192 elucet
1216 1154 1337 1192 verba
1373 1165 1459 1191 cum
1495 1153 1789 1201 praepositione

213 1209 287 1247 ‘ad’
323 1211 541 1258 composita
577 1221 692 1248 sensu
728 1211 891 1259 proprio
928 1222 1015 1249 cum
1050 1211 1274 1250 accusativo
1313 1211 1496 1258 coniungi
1526 1210 1736 1259 praecipue
1764 1222 1789 1248 a

211 1266 408 1304 veteribus
434 1271 473 1305 et
496 1268 634 1315 poetis,
660 1268 828 1316 optimos
852 1272 982 1306 tamen
1004 1268 1216 1315 scriptores
1237 1272 1473 1306 structuram
1493 1279 1626 1306 eorum
1645 1268 1789 1305 transi—

213 1323 333 1361 tivam
364 1324 592 1371 plerumque
621 1325 814 1372 reiecisse,
850 1325 927 1362 nisi
958 1325 1006 1363 iis
1040 1325 1167 1364 inerat
1198 1337 1332 1364 sensus
1363 1327 1588 1364 translatus.
1647 1325 1789 1363 Poetas

217 1381 519 1428 Sallustiumque
550 1386 724 1420 veterum
750 1387 983 1421 sectatorem
1008 1387 1162 1421 secutus
1188 1383 1407 1431 posteriore
1431 1386 1607 1432 tempore
1630 1382 1790 1420 Tacitus

213 1450 325 1476 usum
355 1450 489 1477 eorum
520 1440 771 1478 transitivum
802 1450 942 1487 magno
975 1451 1093 1488 opere
1123 1439 1384 1489 amplificavit.
1416 1462 1469 1468 —

330 1494 368 1546 2)
398 1496 449 1534 in.
501 1497 630 1543 Magis
673 1498 832 1545 vulgata
873 1500 934 1535 est
976 1500 1175 1536 structura
1217 1498 1426 1536 transitiva
1460 1498 1670 1536 verborum
1706 1508 1791 1535 cum

214 1553 507 1601 praepositione
545 1554 608 1591 ‘in'
645 1555 961 1603 compositorum.
1019 1555 1136 1603 Apud
1172 1558 1323 1594 veteres
1359 1558 1517 1603 praeter
1552 1555 1672 1593 verba
1709 1555 1792 1592 vul·

215 1611 327 1656 garia
371 1610 481 1648 ‘inire
518 1611 692 1650 invenire
727 1612 913 1650 invadere
950 1611 1165 1659 increpare'
1202 1623 1287 1650 cum
1325 1612 1548 1650 accusativo
1586 1611 1793 1650 coniuncta

214 1667 449 1705 invenimus:
475 1668 700 1707 incumbere
725 1670 898 1716 gladium
922 1669 1048 1707 Plaut.
1075 1681 1152 1707 cas.
1179 1671 1215 1716 2,
1240 1670 1278 1716 4,
1305 1670 1357 1708 23
1379 1692 1430 1697 ——
1452 1670 1654 1707 incursare
1679 1670 1792 1715 alqm.

214 1725 303 1762 rud.
337 1726 429 1763 722.
478 1726 588 1764 Asin.
621 1727 676 1764 34
708 1748 759 1754 —-
792 1727 941 1765 instare
977 1727 1079 1765 viam
1110 1727 1219 1765 Asin.
1251 1728 1317 1765 54.
1365 1727 1483 1765 Poen.
1514 1728 1551 1773 4,
1583 1728 1620 1773 2,
1651 1727 1705 1764 96
1739 1748 1789 1753 —-

214 1781 386 1820 insistite
425 1783 499 1820 boc
536 1783 734 1829 negotium
771 1784 848 1822 mil.
882 1785 975 1822 929.
1026 1784 1141 1822 Lucr.
1174 1786 1210 1830 1,
1240 1785 1323 1823 406
1362 1795 1447 1822 cum
1484 1785 1602 1822 semel
1638 1784 1791 1821 instite-

214 1842 306 1876 runt
350 1839 517 1886 vestigia
560 1844 667 1878 certa
703 1841 793 1879 viai.
833 1863 884 1868 —
923 1841 1105 1879 inlucere.
1149 1841 1292 1879 Bacch.
1331 1842 1426 1879 256.
1466 1863 1517 1868 —-
1557 1841 1790 1878 inclamitor.

214 1895 330 1943 Epid.
364 1898 441 1935 711
478 1919 529 1924 —
562 1897 754 1935 insultare
784 1897 889 1936 fores
921 1899 1093 1936 calcibus
1125 1898 1213 1936 Ter.
1245 1898 1343 1936 Eun.
1372 1899 1464 1944 285,
1497 1899 1601 1944 quod
1631 1898 1791 1935 verbum

216 1964 330 1990 sensu
361 1955 555 1992 translato
587 1966 672 1992 cum
703 1955 926 1993 accusativo
957 1955 1123 2002 iungunt
1152 1955 1338 2002 Lucilius,
1370 1955 1578 1992 Sallustius
1608 1955 1710 2005 (hist.
1743 1956 1791 1992 fr.

215 2010 287 2048 inc.
303 2011 356 2048 83
370 2009 478 2061 [50]),
499 2011 658 2049 Tacitus
677 2012 777 2060 (ann.
791 2012 858 2058 IV,
872 2013 939 2051 59.
953 2012 1022 2058 XI,
1037 2011 1117 2060 28.)
1131 2034 1182 2039 ——
1197 2012 1422 2059 impendere
1437 2012 1523 2050 Ter.
1536 2012 1679 2050 Phorm
1710 2013 1791 2049 18«)

215 2071 401 2105 tanta-te
439 2068 663 2116 impendent
693 2070 805 2107 mala.
854 2069 976 2107 Lucil.
1007 2069 1055 2108 fr.
1086 2069 1159 2106 inc.
1192 2070 1257 2108 98.
1306 2069 1419 2107 Lucr.
1454 2070 1488 2115 1,
1520 2069 1615 2107 326.
1649 2091 1697 2096 -
1732 2069 1791 2106 in-

215 2124 344 2163 sidere
373 2125 493 2164 Naev.
532 2137 627 2164 com.
658 2138 694 2165 v.
728 2128 807 2165 107
841 2138 996 2164 currum
1027 2126 1156 2176 (Ribb.
1189 2125 1328 2177 curru).
1374 2126 1475 2164 Plin.
1508 2127 1544 2172 5,
1580 2127 1631 2165 69
1663 2126 1791 2172 Joppe

214 2181 451 2220 Phoenicum
483 2183 628 2221 insidet
658 2184 795 2221 collem
857 2184 947 2222 Tac.
981 2195 1067 2221 ann.
1098 2183 1164 2230 IV,
1196 2185 1219 2221 5
1253 2195 1485 2231 quamquam
1511 2183 1701 2221 insideret
1726 2195 1790 2220 ur-

215 2239 301 2277 bem
333 2239 516 2288 proprius
541 2241 663 2278 miles.
711 2241 801 2288 XII,
834 2242 886 2279 62
914 2242 1067 2288 quando
1094 2252 1140 2278 ea
1164 2241 1250 2278 loca
1275 2241 1502 2279 insiderent.
1528 2262 1578 2269 —
1607 2240 1791 2278 insidere.

217 2296 270 2334 Cl.
304 2295 490 2343 Quadrig.
520 2297 568 2335 fr.
603 2299 653 2336 12
686 2298 727 2336 P.
758 2309 894 2345 agrum
924 2298 1173 2346 Pomptinum
1204 2298 1439 2336 insederant.
1499 2298 1590 2336 Sall.
1623 2298 1712 2335 hist..
1744 2298 1791 2334 fr.

216 2353 246 2391 I.
277 2355 302 2392 9
333 2353 414 2404 (10)
450 2350 602 2392 sacrum
647 2359 815 2393 montem
857 2359 975 2402 atque
1011 2355 1246 2393 Aventinum
1290 2355 1446 2394 insedit.
1501 2355 1528 2393 Ι.
1562 2356 1642 2392 108
1673 2357 1791 2403 (116).

217 2410 301 2450 Liv.
332 2413 396 2458 35,
430 2413 494 2458 11,
521 2414 544 2450 2
576 2413 624 2450 al.
685 2412 817 2451 Senec.
848 2413 991 2451 Phoen.
1022 2414 1101 2450 122
1134 2424 1280 2450 saxum.
1312 2413 1403 2451 Tac.
1433 2424 1521 2450 ann.
1550 2412 1577 2458 1,
1604 2413 1655 2451 63
1689 2423 1792 2449 cam-

217 2479 308 2515 pum
340 2480 453 2515 quem
483 2469 608 2508 hostis
640 2470 848 2508 insederat.
898 2470 987 2516 XII,
1018 2471 1071 2508 43
1104 2469 1295 2508 insessum
1335 2470 1431 2508 diris
1461 2469 1599 2507 avibus
1631 2469 1793 2517 Capito-

217 2526 310 2563 lium
348 2530 386 2564 et
422 2538 536 2575 saepe
566 2527 651 2578 (cfr.
687 2527 970 2576 Nipp.-Andr.
1015 2529 1077 2565 ad.
1121 2538 1210 2565 ann.
1247 2527 1341 2574 XII,
1379 2527 1455 2576 64).
1521 2526 1620 2564 Plin.
1657 2538 1793 2574 paneg.

219 2584 283 2630 26,
311 2585 331 2621 1
372 2583 466 2622 vias.
503 2606 560 2612 —
597 2584 798 2622 insinuare
834 2584 947 2623 Lucr.
982 2586 1022 2631 1,
1054 2585 1136 2622 408
1180 2595 1313 2623 caecas
1356 2585 1542 2622 latebras.
1603 2583 1688 2622 Liv.
1729 2584 1796 2629 44,

217 2641 436 2748 ‘ilnlgugiu-ess)
471 2642 656 2680 incubare
687 2641 799 2682 Varr.
831 2642 866 2680 d.
898 2654 927 2680 r.
960 2654 990 2680 r.
1023 2642 1059 2688 3,
1090 2643 1126 2688 9,
1159 2643 1183 2679 8
1214 2641 1382 2693 (saepius
1413 2641 1452 2678 in
1484 2641 1679 2679 locutione
1709 2645 1796 2679 ‘ova

334 2755 481 2802 Optimi
524 2756 734 2804 scriptores
779 2756 983 2794 transitive
1020 2756 1208 2794 adhibere
1244 2756 1370 2794 solent
1406 2755 1559 2802 ingredi
1596 2755 1696 2793 inire
1733 2754 1796 2792 iu-

220 2812 351 2849 venire
389 2813 574 2852 invadere
610 2813 739 2851 invehi
777 2813 1005 2861 impugnare
1036 2813 1229 2851 insistere.
1288 2813 1530 2860 Increpitare
1560 2812 1796 2859 alqn1.legi-

222 2880 306 2906 mus
332 2871 435 2917 apud
462 2871 560 2909 Caes
596 2871 632 2909 b.
659 2883 694 2917 g.
723 2872 759 2918 2,
787 2873 850 2918 15,
876 2873 911 2908 5.
939 2892 989 2898 —-
1018 2871 1233 2918 irrumpere
1258 2882 1288 2908 c.
1313 2881 1391 2908 acc.
1411 2874 1539 2908 exstat
1560 2869 1664 2918 apud
1685 2869 1797 2907 eund.
