1950 3198
843 178 1011 240 ‘.54
1069 202 1122 208 .-

241 289 329 330 visa,
356 289 474 324 locum
498 289 723 334 superiorem
747 292 784 323 et
802 299 835 333 q.
855 299 881 324 s.
903 309 945 314 ——

243 335 343 370 illum
376 335 470 370 diem
500 339 565 370 aut
594 344 718 369 omnes
743 334 886 370 labores
910 339 947 369 et

245 380 416 416 victorias
436 380 734 416 confirmaturum
747 384 810 415 aut
822 390 946 415 maxu-

243 437 384 461 marum
414 436 670 462 aerumnarum
692 426 834 461 initium
858 425 946 462 fore.

442 505 494 530 or.
515 494 696 530 Caesaris.

202 551 280 587 Cat.
305 553 360 592 51,
384 553 416 586 8.
465 551 508 586 Si
539 551 672 596 digna
701 562 840 596 poena
867 562 947 597 pro

245 597 379 632 factis
410 607 559 632 eorum
587 598 786 651 reperitur,
818 608 949 633 novum

243 643 431 678 eonsilium
468 643 647 688 adprobo:
684 643 751 679 sin
786 654 850 679 ma
857 655 949 690 gn1

241 688 346 723 tudo
392 689 577 725 sceleris
613 690 772 724 omnium
805 689 950 734 ingenia

242 740 498 780 exsuperat,
529 735 581 770 eis
611 735 790 771 utundum
818 745 948 772 censeo

245 791 339 825 quae
362 781 500 826 legibus
525 786 737 826 comparata
761 786 856 817 sunt.

201 827 221 872 ξ
254 827 306 861 15.
353 827 534 880 Equidem
578 838 644 872 ego
687 828 738 862 sic
774 827 949 868 existimo,

247 876 370 918 patres
389 873 595 925 conscripti,
621 874 758 908 omnis
776 874 948 908 crucia-

241 924 314 954 tus
355 918 545 954 minores
587 927 713 964 quam
749 919 950 955 facinora

245 964 427 999 illorum
450 974 539 1000 esse.

195 1010 216 1055 ἓ
240 1012 272 1045 4.
319 1010 456 1055 Magna
485 1010 571 1045 mihi
602 1011 706 1055 copia
736 1015 792 1046 est
815 1021 948 1046 memo-

241 1056 356 1097 randi,
380 1067 417 1101 p.
442 1067 484 1097 c.,
510 1066 604 1101 quae
628 1067 733 1102 reges
757 1062 868 1101 atque
885 1067 948 1102 po-

241 1101 319 1147 puli
347 1103 414 1137 ira
446 1107 522 1138 aut
552 1102 861 1138 misericordia
883 1104 948 1137 im-

240 1148 337 1192 pulsi
371 1149 466 1183 male
503 1149 765 1184 consuluerint:
803 1148 868 1184 sed
904 1158 947 1183 ea

243 1194 338 1229 malo
358 1193 488 1234 dicere,
514 1204 607 1238 quae
626 1195 814 1230 maiores
832 1195 949 1230 nostri

241 1243 369 1274 contra
398 1239 594 1275 lubidinem
622 1240 734 1275 animi
763 1240 819 1276 sui
847 1245 948 1276 recte

243 1290 353 1330 atque
378 1285 506 1321 ordine
530 1285 659 1321 fecere.

196 1331 273 1366 Cat.
299 1333 355 1372 51,
381 1333 516 1367 12—13
542 1342 594 1366 or.
620 1332 722 1368 Caes.

195 1377 272 1413 Cat.
296 1379 352 1418 52,
377 1380 399 1413 7
423 1388 474 1412 or.
501 1377 661 1414 Catonis.

195 1424 476 1468 Saepenumero,
494 1428 621 1468 patres
633 1424 839 1469 conscripti,
857 1424 948 1459 mul-

242 1474 281 1504 ta
305 1471 416 1505 verba
437 1469 475 1504 in
494 1470 564 1505 hoc
583 1470 710 1505 ordine
729 1469 814 1511 feci;
838 1479 948 1515 saepe

244 1515 288 1551 de
318 1515 462 1550 luxuria
491 1520 602 1561 atque
634 1516 786 1551 avaritia
810 1520 948 1552 nostro-

241 1572 322 1596 rum
346 1561 475 1596 civium
463 1566 650 1632 —questus
676 1572 765 1598 sum.

200 1607 277 1642 Cat.
303 1609 359 1648 51,
382 1609 438 1642 42.

196 1654 246 1698 Ig.
266 1655 298 1693 4,
317 1655 349 1687 2.
388 1653 497 1688 Cuius
517 1653 560 1688 de
580 1653 723 1694 virtute,
743 1653 829 1699 quia
845 1654 951 1688 multi

244 1698 378 1740 dixere,
414 1699 722 1744 praetereundum
756 1705 867 1745 puto‚.
894 1700 950 1735 si-

242 1745 327 1780 mul
365 1755 416 1780 ne
446 1755 524 1790 per
554 1745 840 1781 insolentiam
869 1745 949 1790 quis

245 1791 439 1826 existumet
457 1795 590 1826 memet
609 1791 803 1827 studlum
814 1802 950 1827 meum

244 1836 429 1872 laudando
453 1837 686 1872 extollere.

201 1882 332 1927 Ig.85,
361 1885 403 1918 17
427 1893 478 1918 or.
498 1882 615 1918 Marii.
640 1903 684 1909 —-
707 1884 801 1919 Nam
815 1893 950 1936 gerere

246 1939 356 1973 quam
386 1927 465 1963 fieri
495 1932 658 1981 tempore
686 1929 886 1974 posterius,
910 1939 951 1964 re

244 1978 354 2019 atque
373 1984 442 2010 usu
464 1974 578 2019 prius.

1060 300 1126 334 pos
1143 289 1331 324 madentes
1349 293 1386 324 et
1404 300 1439 334 q.
1453 300 1480 325 s.
1495 289 1650 325 —illum
1670 290 1762 326 diem

1061 339 1126 370 aut
1162 334 1458 380 gloriosissimum
1486 335 1582 370 inter
1611 336 1764 371 maiores

1061 385 1140 462 ffle
1161 380 1437 471 i)gn0miniosum
1473 380 1572 426 apud
1599 385 1765 426 posteros

1279 504 1330 530 or.
1349 493 1498 541 Lepidi.

1016 562 1099 588 ann.
1125 551 1189 592 ΠΙ,
1213 552 1268 588 50.
1318 550 1375 592 Si,
1405 556 1530 597 patres
1559 552 1765 597 conscripti,

1064 609 1176 632 unum
1199 597 1237 632 id
1255 602 1474 642 spectamus,
1500 607 1608 642 quam
1626 597 1765 634 nefaria

1063 653 1151 679 voce
1194 643 1376 679 Clutorius
1417 643 1560 679 Priscus
1607 648 1765 679 mentem

1065 699 1167 725 suam
1191 693 1228 724 et
1252 699 1359 725 aures
1382 689 1566 724 hominum
1583 689 1765 735 polluerit,

1063 746 1181 780 neque
1222 745 1346 770 carcer
1381 745 1500 781 neque
1533 735 1686 780 laqueus
1715 745 1766 771 ne

1065 781 1256 818 serviles
1315 781 1488 826 quidem
1539 781 1766 817 cruciatus

1064 826 1351 863 suffecerint:
1371 826 1438 863 sin
1456 826 1634 872 flagitia
1646 831 1690 862 et
1703 826 1767 862 fa-

1063 873 1250 917 cinora2)
1273 873 1367 908 sine
1391 872 1513 908 modo
1538 876 1657 914 sunt,
1682 882 1767 917 sup-

1063 919 1180 964 pliciis
1204 929 1248 954 ac
1271 919 1439 954 remediis
1456 918 1629 964 principis
1646 918 1767 954 mode-

1063 965 1157 1000 ratio
1215 965 1512 1010 maiorumque
1558 975 1601 1000 ac
1646 969 1768 1001 vestra

1063 1010 1230 1056 exempla
1252 1014 1461 1055 temperant
1485 1014 1522 1045 et
1545 1021 1579 1055 q.
1601 1019 1629 1046 s.
1647 1031 1692 1036 —
1711 1015 1768 1046 est

1063 1058 1163 1092 locus
1188 1057 1401 1098 sententiae,
1425 1066 1492 1102 per
1516 1067 1625 1101 quam
1649 1066 1767 1102 neque

1062 1103 1145 1138 huic
1176 1102 1348 1138 delictum
1378 1103 1524 1148 impune
1555 1103 1603 1138 sit
1633 1106 1670 1137 et
1699 1112 1766 1138 nos

1062 1148 1331 1184 clementiae
1355 1158 1398 1184 ac
1415 1148 1677 1184 severitatis
1694 1158 1767 1183 non

1060 1194 1259 1240 paeniteat.

1016 1342 1099 1368 ann.
1125 1332 1187 1372 IV,
1211 1333 1257 1367 40
1281 1341 1333 1367 or.
1358 1331 1502 1368 Tiberii.

1015 1388 1099 1413 ann
1123 1378 1220 1419 XIV,
1243 1379 1288 1413 43
1312 1388 1364 1412 or.
1391 1377 1428 1412 C.
1453 1377 1578 1413 Cassii.

1017 1424 1302 1477 Saepenumero,
1332 1427 1459 1469 patres
1487 1423 1700 1469 conscripti,
1729 1424 1767 1458 in

1062 1470 1132 1506 hoc
1166 1469 1292 1505 ordine
1327 1469 1493 1511 interfui,
1530 1480 1612 1505 cum
1640 1473 1768 1505 contra

1062 1515 1232 1552 instituta
1267 1519 1304 1551 et
1339 1516 1436 1560 leges
1467 1515 1644 1551 maiorum
1674 1525 1769 1551 nova

1064 1566 1212 1598 senatus
1231 1561 1380 1597 decreta
1397 1561 1688 1606 postularentur:
1707 1570 1769 1596 ne-

1064 1618 1134 1652 que
1148 1618 1228 1643 sum
1241 1607 1466 1648 adversatus,
1485 1618 1560 1643 non
1572 1608 1657 1652 quia
1669 1607 1771 1642 dubi-

1065 1659 1182 1688 tarem
1205 1663 1314 1698 super
1337 1653 1501 1689 omnibus
1525 1654 1679 1699 negotiis
1697 1663 1770 1689 me-

1065 1700 1134 1735 lius
1165 1704 1276 1744 atque
1305 1699 1440 1735 rectius
1472 1699 1557 1734 olim
1584 1699 1769 1744 provisum

1067 1745 1132 1781 sed
1155 1755 1206 1780 ne
1225 1745 1355 1782 nimio
1374 1755 1520 1780 amore
1538 1745 1679 1790 antiqui
1696 1755 1770 1780 mo-

1065 1791 1115 1827 ris
1151 1791 1347 1826 studium
1381 1801 1518 1826 meum
1553 1790 1769 1826 extollere

1065 1837 1216 1872 viderer.

1021 1893 1103 1918 ann.
1128 1883 1207 1923 XV,
1233 1892 1262 1919 c.
1287 1884 1422 1919 20—21
1453 1893 1506 1918 or.
1529 1882 1633 1918 Paeti
1655 1882 1770 1918 Thra-

1067 1939 1162 1965 seae.
1197 1929 1291 1964 Nam
1307 1928 1416 1974 culpa
1429 1938 1538 1973 quam
1549 1938 1670 1974 poena
1680 1932 1771 1964 tem-

1065 1985 1157 2020 pore
1185 1975 1304 2020 prior‚
1333 1974 1518 2010 emendari
1549 1985 1657 2020 quam
1686 1984 1770 2020 pec-

1066 2030 1170 2056 casse
1192 2020 1374 2066 posterius
1397 2024 1463 2057 est.

292 2137 317 2178 ¹)
340 2138 498 2171 Similiter
523 2147 597 2170 ann.
623 2136 664 2175 ΙΙ,
691 2137 733 2169 14
764 2147 850 2178 quae
879 2138 1042 2179 sapientia
1068 2138 1235 2179 provisa
1259 2141 1403 2179 aptaque
1427 2138 1611 2169 imminenti
1636 2146 1768 2179 pugnae

198 2184 341 2216 disserit.
378 2184 451 2216 Non
477 2193 612 2224 campos
636 2184 736 2215 modo
761 2184 857 2215 militi
880 2183 1029 2215 Romano
1054 2184 1159 2215 bonos
1190 2189 1221 2215 et
1246 2194 1276 2225 q.
1297 2194 1336 2222 s.,
1360 2184 1417 2215 ubi
1442 2184 1630 2224 Draegerus
1656 2184 1768 2215 lectio-

197 2240 273 2261 nem
299 2230 423 2262 codicis
447 2229 589 2262 Medicei
613 2227 786 2271 ‘praevisa'
812 2230 934 2262 frustra
957 2230 1101 2263 retinuit.

292 2276 319 2318 2)
343 2276 400 2308 cfr.

434 2275 511 2308 Sall.
543 2273 613 2308 Cat.
640 2275 698 2313 14,
725 2275 754 2306 1.
780 2275 811 2308 2.
837 2275 899 2314 23,
930 2275 960 2308 1.
986 2276 1047 2314 37,
1071 2274 1102 2308 5.
1128 2293 1171 2298 —
1195 2276 1274 2309 Tac.
1304 2285 1379 2309 ann.
1404 2276 1468 2315 VI,
1492 2276 1525 2310 6.
1550 2294 1594 2300 —
1619 2276 1767 2310 Sallustii

198 2323 239 2354 ad
272 2322 462 2363 exemplum
493 2322 629 2353 Tacitus
659 2322 761 2353 nectit
790 2322 874 2354 inter
904 2332 979 2354 sese
1009 2322 1073 2353 alia
1103 2331 1236 2363 quoque
1270 2322 1479 2354 substantiva
1509 2323 1544 2363 a)
1572 2332 1767 2363 synonyma.

198 2369 246 2409 lg.
272 2367 333 2406 54,
359 2367 379 2400 5
410 2377 474 2398 non
504 2367 680 2408 procliis
709 2377 842 2408 neque
871 2368 960 2399 acie
984 2368 1107 2399 bellum
1132 2368 1331 2409 gerundum.
1379 2368 1429 2409 lg.
1451 2367 1513 2406 97,
1537 2367 1561 2400 4
1588 2378 1654 2400 11011
1679 2369 1767 2399 acie

198 2424 305 2455 neque
329 2413 396 2445 ullo
422 2423 513 2444 more
537 2413 685 2454 proelii
710 2413 891 2446 incurrunt.
939 2413 1016 2446 Tac.
1043 2424 1116 2446 ann.
1143 2413 1199 2452 111,
1218 2413 1262 2446 39
1286 2423 1394 2455 neque
1418 2415 1546 2445 aciem
1571 2420 1627 2446 aut
1650 2424 1765 2456 proe-

200 2461 295 2492 lium
326 2460 389 2491 ‹lici
417 2460 580 2497 decuerit,
611 2460 645 2491 in
671 2469 736 2499 quo
761 2477 805 2482 —
834 2459 910 2493 hist.
936 2459 1000 2498 IV,
1025 2459 1069 2492 58
1100 2460 1262 2492 adversus
1294 2470 1378 2501 quos
1402 2469 1468 2491 non
1497 2461 1697 2500 proelium
1729 2465 1767 2492 et

199 2507 311 2537 acies
341 2510 506 2547 parantur.
557 2505 634 2539 Sall.
666 2504 735 2538 Cat.
765 2506 827 2544 31,
859 2505 881 2538 8
911 2504 1085 2537 Catilinam
1119 2505 1249 2537 hostem
1280 2511 1380 2546 atque
1406 2506 1606 2547 parricidam
1637 2516 1765 2538 vocare.

198 2553 275 2584 Tac.
302 2551 379 2584 hist.
404 2551 434 2588 1,
459 2551 504 2584 85
527 2551 659 2583 hostem
684 2555 715 2583 et
739 2552 937 2592 parricidam
962 2552 1133 2583 Vitellium
1159 2555 1323 2585 vocantes.
1360 2561 1435 2583 ann.
1459 2550 1542 2588 XV,
1567 2552 1610 2585 73
1635 2551 1763 2583 Iunium
1815 2549 1829 2564 ⁸

1688 2597 1765 2630 hist.

709 2643 763 2676 21.
788 2643 842 2676 42.
862 2661 905 2666 ——
924 2647 1002 2685 ‘pax
1022 2649 1054 2675 et
1072 2643 1270 2676 eoneordia'.
1306 2643 1384 2677 hist.
1403 2643 1427 2675 I.
1447 2643 1489 2675 41
1509 2643 1588 2685 (45),
1601 2643 1656 2677 24.
1681 2643 1705 2676 Ι.
1720 2643 1765 2676 48

198 2690 282 2730 (51),
314 2689 345 2722 5.
368 2689 418 2721 10.
442 2689 494 2722 13.
514 2707 556 2711 —
575 2691 654 2722 Tne.
674 2688 751 2721 hist.
771 2689 795 2727 Ι,
814 2689 867 2722 56.
899 2689 940 2728 ΙΙ,
959 2690 1014 2722 20.
1034 2689 1090 2728 111,
1108 2690 1162 2722 80.
1178 2707 1221 2712 —
1240 2688 1280 2731 β)
1298 2688 1449 2722 diversae
1466 2690 1550 2721 intel·
1568 2699 1643 2722 sese
1661 2690 1765 2730 signi-

202 2735 374 2766 nunilonis.
401 2735 502 2766 ‘caelo
523 2736 684 2775 teri-uqne’
704 2735 754 2776 lg.
775 2735 828 2773 17,
846 2735 878 2767 5.
916 2734 1005 2768 Curt.
1024 2735 1057 2774 4,
1076 2735 1131 2774 29,
1149 2736 1171 2768 (5
1191 2735 1267 2767 Tac.
1287 2734 1364 2768 hist.
1384 2735 1408 2774 I,
1427 2735 1459 2768 3.
1485 2745 1559 2767 ann.
1580 2735 1637 2773 vl,
1651 2736 1706 2769 37.
1721 2753 1762 2758 —

201 2782 269 2811 ‘diu
295 2781 483 2820 110‹·.tuque’,
509 2782 596 2821 quod
624 2788 838 2822 sumpserunt
863 2791 880 2812 a
906 2782 1084 2814 veteribus.
1121 2782 1168 2821 lg.
1194 2781 1248 2819 38,
1273 2781 1304 2814 3.
1341 2781 1396 2819 44,
1421 2781 1452 2813 5.
1491 2781 1544 2818 70,
1566 2781 1595 2813 l.
1632 2781 1709 2814 hist.
1723 2781 1763 2813 11.

201 2826 243 2858 54
269 2829 348 2869 (155).
375 2845 416 2849 —-
441 2827 518 2858 Tac.
551 2827 627 2860 hist,
659 2827 704 2865 ll,
729 2827 759 2860 5.
797 2837 871 2861 nnn.
896 2826 973 2865 XV,
1000 2827 1052 2859 12.
1078 2845 1121 2850 ——
1147 2827 1288 2859 ‘fortuna
1318 2827 1491 2867 famaque&
1534 2825 1602 2860 Cat.
1627 2827 1684 2865 51,
1710 2827 1762 2861 12.

202 2874 278 2904 Τεισι.
310 2873 386 2903 hist.
414 2872 442 2910 l,
468 2872 520 2904 48.
563 2872 624 2909 111,
648 2872 703 2905 32.
740 2874 781 2911 V,
809 2874 861 2906 10.
902 2874 1003 2904 ‘fama
1033 2872 1193 2914 ssdesque’
1223 2873 1272 2913 lg.
1299 2873 1352 2910 16,
1375 2873 1407 2905 3.
1443 2873 1521 2905 Tae.
1551 2871 1628 2906 hist.
1653 2872 1684 2910 Ι,
1707 2873 1762 2906 30.

199 2598 382 2675 (linlllionltigi
410 2596 541 2661 lios-tem
573 2601 604 2629 ct
634 2598 830 2638 parricidam
858 2607 991 2630 vocans.
1022 2616 1065 2621 —
1097 2598 1202 2638 ‘quies
1233 2602 1264 2628 et
1294 2598 1409 2629 otium’
1439 2597 1489 2638 Ig.
1519 2598 1579 2635 66,
1609 2598 1640 2631 2.

215 2668 222 2674 .
275 2644 287 2675 l
314 2644 324 2682 (
351 2645 394 2680 «1,
420 2644 450 2675 J.
477 2660 519 2666 -——
544 2644 626 2684 Agr.
651 2644 683 2675 (i.
