1950 3198
809 171 1091 214 -19-

171 288 355 335 usurpari
386 287 563 326 solebant
592 287 859 325 tantummodo
891 287 1030 325 media.
1089 286 1164 324 Sed
1194 296 1280 323 cum
1310 286 1498 333 paulatim
1528 287 1742 326 mediorum

173 343 407 391 significatio
444 344 620 392 proxime
649 343 852 382 accederet
881 345 933 382 ad
962 343 1100 390 activa,
1129 343 1250 382 verba
1280 343 1449 382 discerni
1479 347 1618 392 coepta
1643 349 1744 391 sunt,

172 402 228 440 ita
257 405 301 440 ut
324 402 457 440 alteris
481 402 752 440 tantummodo
784 401 952 439 activum
977 411 1097 448 genus
1122 401 1372 448 tribueretur,
1402 401 1537 440 alteris
1563 403 1743 448 medium,

172 470 336 507 quorum
372 459 440 497 illa
469 469 630 497 numero
662 461 752 496 sunt
779 459 902 496 multo
931 458 1100 505 minora,
1132 469 1247 505 quam
1276 458 1383 496 haec.
1415 458 1616 498 Ciceronis
1647 464 1742 498 tem-

171 516 334 564 poribus
363 517 460 555 haec
483 516 691 554 verborum
717 515 917 554 distinctio
949 515 1070 554 ferme
1095 519 1155 554 est
1179 514 1368 563 perfecta:
1401 516 1569 554 activum
1594 516 1742 555 frustro

173 574 290 612 cessit
313 573 442 612 medio
467 573 648 620 frustror,
679 573 846 611 activum
870 572 1028 612 ludifico
1053 573 1180 612 medio
1205 571 1395 620 ludificor,
1420 574 1590 612 activum
1615 575 1745 622 partio

171 631 300 670 medio
330 631 483 679 partior
513 634 552 669 et
582 630 661 668 alia
690 631 823 668 multa.
882 631 1123 678 Quamquam
1154 630 1272 669 etiam
1303 634 1385 668 tum
1415 642 1627 678 paucorum
1658 643 1744 670 ver-

171 689 310 728 borum
341 700 434 727 usus
465 691 550 726 erat
579 687 751 726 incertus
781 688 887 727 velut
916 688 1095 726 adsentio
1127 687 1346 734 adsentior,
1377 688 1528 727 fabrico
1559 689 1744 735 fabricor,

170 749 301 784 tamen
338 746 378 783 in
411 746 634 783 universum
669 745 702 783 is
740 745 806 792 qui
841 745 971 783 activo
1009 756 1143 784 eorum
1178 745 1387 784 verborum
1429 747 1631 794 utebatur,
1673 758 1744 794 pro

171 806 344 842 veterum
375 803 590 842 ducebatur
621 806 825 841 sectatore.
872 801 1020 841 Eorum
1050 803 1171 850 igitur
1197 814 1243 841 ex
1268 814 1447 841 sermone
1471 803 1679 842 Sallustius
1704 805 1745 842 in

171 871 285 899 usum
326 871 438 899 suum
480 860 673 899 convertit
708 860 874 907 ‘parti0’,
911 861 1020 899 cuius
1057 860 1167 898 verbi
1209 856 1378 899 activum
1414 860 1554 900 Plauto
1591 861 1744 900 Lucilio

170 917 291 956 Accio
311 918 353 955 in
371 929 445 956 usu
458 921 519 956 est
531 918 712 965 quodque
725 917 944 965 posteriore
960 921 1136 966 tempore
1154 917 1340 956 Sallustio
1360 921 1404 956 ut
1416 918 1572 957 videtur
1585 923 1746 958 auctore

171 976 371 1014 revocavit
394 975 571 1013 Tacitus:
601 974 670 1012 cfr.
696 975 787 1014 Sall.
810 974 867 1021 Ig.
893 975 959 1023 43,
987 977 1022 1014 1.
1047 974 1270 1023 provincias
1295 975 1400 1014 inter
1424 987 1466 1014 se
1490 976 1744 1024 partiverant.

171 1033 263 1072 Tac.
282 1044 370 1071 ann.
389 1032 481 1083 XII,
502 1034 553 1071 13
573 1043 735 1079 regnum
760 1033 862 1070 inter
888 1044 929 1071 se
954 1032 1160 1080 partivere.
1180 1054 1232 1060 —
1253 1033 1330 1072 Sed
1355 1033 1472 1071 etiam
1492 1034 1621 1073 media
1638 1038 1738 1073 vete-

170 1091 280 1129 ribus
305 1093 418 1128 erant
440 1090 480 1128 in
504 1101 589 1136 usu,
615 1100 714 1137 quae
738 1093 877 1138 postea
900 1101 1063 1137 prorsus
1087 1090 1236 1128 reiecta
1260 1094 1362 1129 sunt.
1399 1090 1606 1130 Sallustius
1626 1093 1675 1131 ab
1696 1092 1744 1130 iis

172 1147 339 1195 sumpsit
365 1147 611 1195 ‘comperior'
635 1147 721 1186 Ter.
747 1147 868 1186 Andr.
896 1148 990 1186 902.
1021 1147 1111 1186 Sall.
1142 1147 1199 1194 Ig.
1232 1148 1297 1195 45,
1326 1151 1346 1186 1
1382 1148 1470 1187 ‘Sed
1496 1149 1537 1186 in
1568 1160 1614 1187 ea
1644 1148 1745 1188 diffi-

171 1206 317 1244 cultate
345 1205 545 1243 Metellum
581 1216 659 1243 non
695 1205 838 1252 minus,
877 1216 991 1252 quam
1027 1205 1068 1243 in
1104 1205 1222 1243 rebus
1255 1206 1464 1244 hostilibus
1495 1217 1675 1253 magnum
1707 1211 1746 1245 et

174 1263 389 1311 sapientem
413 1262 539 1301 virum
562 1261 683 1301 fuisse
709 1262 951 1310 comperior’.
973 1284 1023 1290 -
1045 1262 1114 1312 (Ig.
1138 1263 1230 1309 108,
1253 1262 1290 1311 3)
1316 1263 1420 1310 quod
1438 1264 1599 1302 verbum
1618 1264 1744 1311 ipsum

173 1313 346 1368 quoque*
356 1320 406 1358 ab
438 1331 483 1358 eo
513 1323 711 1358 mutuatus
743 1323 803 1358 est
826 1319 986 1358 Tacitus
1016 1331 1104 1358 ann.
1135 1319 1202 1367 IV,
1229 1322 1282 1358 20
1312 1318 1426 1358 ‘hunc
1456 1331 1528 1368 ego
1553 1321 1746 1369 Lepidum

173 1378 415 1426 temporibus
440 1377 518 1415 illis
543 1388 700 1424 gravem
725 1380 765 1415 et
789 1377 1003 1424 sapientem
1022 1378 1148 1415 virum
1167 1377 1288 1416 fuisse
1307 1378 1548 1426 comperior’.
1563 1380 1746 1427 —Apud

174 1435 417 1484 antiquarios
454 1434 610 1482 saepius
646 1434 688 1472 id
723 1435 912 1482 reperies:
949 1435 1045 1474 Gell.
1072 1435 1108 1482 3,
1135 1435 1171 1482 3,
1199 1437 1234 1474 1.
1281 1436 1395 1483 Apul.
1426 1439 1514 1474 met.
1540 1437 1577 1483 2,
1604 1438 1668 1475 21.
1694 1460 1746 1465 —

289 1493 412 1531 Sensu
455 1491 612 1539 passivo
649 1492 777 1530 media
811 1492 941 1540 posita
977 1492 1159 1531 videntur
1197 1504 1282 1531 esse
1320 1493 1415 1532 satis
1453 1493 1592 1532 crebro
1630 1494 1747 1532 etiam

175 1549 375 1588 Ciceronis
405 1549 659 1596 temporibus,
690 1550 759 1588 sed
783 1549 823 1587 in
849 1550 933 1589 dies
963 1549 1087 1598 magis
1111 1561 1136 1588 a
1162 1550 1421 1598 scriptoribus
1451 1551 1747 1598 insequentibus

175 1608 321 1646 reiecta
345 1610 445 1646 sunt.
488 1607 695 1646 Sallustius
720 1606 875 1655 passive
899 1607 1061 1646 adhibet
1085 1606 1167 1646 Cat.
1195 1610 1230 1654 7,
1256 1609 1280 1646 3
1313 1609 1484 1656 adepta
1507 1608 1747 1648 libertate.

175 1665 233 1713 Ig.
260 1666 352 1712 101,
378 1666 401 1703 9
433 1664 615 1712 adeptam
644 1664 860 1703 victoriam.
910 1664 1001 1703 hist.
1032 1664 1102 1703 III.
1130 1666 1183 1704 78
1207 1665 1287 1715 (96)
1311 1666 1410 1704 calvi
1440 1670 1561 1705 ratus.
1604 1667 1693 1706 hist.
1717 1666 1748 1705 I.

178 1723 229 1762 31
255 1723 345 1772 (36).
398 1721 526 1769 Igitur
555 1722 723 1761 venditis
755 1721 1065 1770 proscriptorum
1095 1722 1210 1761 bonis
1240 1726 1308 1761 ant
1339 1723 1545 1770 dilargitis.
1599 1724 1655 1771 Ig.
1681 1725 1748 1771 84,

179 1781 203 1819 2
235 1779 407 1818 emeritis
438 1779 655 1827 stipendiis.
698 1780 752 1827 [g.
780 1781 843 1826 25,
877 1781 900 1818 2
932 1779 1081 1818 enisum
1113 1783 1183 1818 est.
1225 1779 1282 1827 Ig.
1307 1781 1373 1828 58,
1400 1782 1423 1820 3
1456 1780 1647 1820 frustrati.
1690 1781 1747 1829 Ig.

179 1839 243 1885 17,
269 1839 305 1876 7.
348 1837 406 1875 uti
436 1858 489 1865 ——
521 1837 889 1885 interpretatum
921 1838 1058 1876 nobis
1089 1841 1170 1876 est.
1231 1837 1314 1876 Cat.
1340 1839 1406 1885 48,
1433 1841 1468 1877 7.
1500 1839 1590 1878 hist.
1614 1839 1666 1877 II.
1694 1840 1746 1878 23

175 1893 269 1946 (29).
293 1893 366 1932 111.
392 1894 446 1933 34
470 1895 550 1947 (38)
573 1894 827 1934 machinatus.
864 1893 920 1942 Ig.
947 1895 1012 1943 31,
1036 1896 1062 1934 8
1087 1894 1224 1934 ulcisci
1248 1896 1442 1943 nequitur.
1485 1896 1546 1935 Ex
1571 1898 1630 1936 his
1654 1908 1746 1944 par—

177 1952 312 2000 ticipia
341 1953 645 2001 ‘interpretatus'
674 1952 883 1991 ‘emeritus’
913 1952 1102 2000 ‘adeptus'
1132 1957 1289 2000 praeter
1318 1957 1469 1992 veteres
1506 1955 1555 1993 ab
1588 1954 1746 2003 optimis

178 2020 331 2059 quoque
349 2009 609 2058 scriptoribus
630 2021 745 2049 sensu
767 2010 924 2058 passivo
938 2014 1194 2058 usurpantur;
1220 2011 1487 2050 ‘machinatus’
1501 2013 1606 2059 apud
1620 2012 1744 2050 Sallu·

176 2067 293 2106 stium
316 2067 483 2115 primum
507 2067 663 2106 videtur
687 2068 779 2115 legi:
804 2067 960 2106 ‘enisus'
978 2071 1039 2106 est
1062 2068 1145 2106 eius
1170 2069 1384 2116 proprium.
1425 2070 1542 2116 Apud
1566 2070 1745 2108 Tacitum

175 2124 391 2164 invenimus
416 2136 530 2164 sensu
554 2125 710 2172 passivo
735 2124 865 2163 media
889 2125 1000 2163 haec:
1025 2136 1112 2164 ann.
1137 2126 1167 2172 I,
1195 2128 1230 2165 7.
1256 2127 1426 2174 adepto
1458 2127 1745 2175 principatu.

175 2184 268 2229 Agr.
294 2182 349 2220 40
379 2182 597 2221 comitatus.
632 2194 720 2221 ann.
756 2181 830 2229 III,
855 2183 921 2222 46.
953 2194 1022 2221 nec
1058 2186 1280 2222 cunctatum
1316 2185 1422 2231 apud
1456 2185 1593 2223 latera.
1651 2185 1743 2230 Agr.

177 2241 243 2279 41.
268 2239 357 2278 hist.
380 2239 446 2286 IV,
473 2241 536 2279 76.
561 2251 648 2278 ann.
672 2239 743 2277 ΙΙΙ.
767 2241 829 2279 17.
850 2241 915 2279 74.
947 2239 1058 2287 XIII,
1078 2241 1129 2280 37
1157 2245 1351 2288 expertus.
1377 2241 1466 2280 hist.
1492 2241 1522 2288 I,
1544 2243 1582 2281 8.
1607 2241 1659 2288 ΙΙ,
1680 2243 1743 2280 75.

177 2297 402 2345 inexpertus
443 2308 530 2335 ann.
560 2297 629 2343 XI,
654 2298 691 2335 4.
722 2297 1089 2344 interpretatum
1118 2297 1189 2347 (sc.
1215 2298 1329 2348 esse)
1353 2299 1610 2338 tradidere.
1653 2298 1743 2336 hist.

177 2354 243 2401 IV,
269 2355 333 2394 68.
376 2365 463 2392 ann.
488 2353 561 2400 III,
582 2355 618 2393 5.
640 2355 703 2392 12.
728 2353 793 2401 IV,
813 2355 878 2394 57.
901 2356 953 2393 70
979 2359 1017 2393 et
1041 2355 1186 2402 passim
1211 2355 1433 2395 meditatus.
1476 2367 1562 2394 ann.
1589 2355 1662 2402 111,
1690 2357 1741 2394 67

178 2411 283 2450 ausis
303 2411 504 2450 codicillis.
533 2422 622 2450 ann.
640 2411 671 2458 I,
691 2412 744 2450 42
767 2411 860 2459 quid
885 2411 1064 2450 inausum
1089 2412 1409 2452 intemeratumve
1427 2413 1570 2451 vobis?
1605 2414 1665 2451 Ex
1686 2413 1744 2450 his

178 2465 374 2507 ‘cunctari'
394 2479 507 2506 sensu
533 2468 688 2515 passivo
713 2469 917 2516 usurpavit
941 2469 1100 2508 Tacitus
1126 2471 1243 2517 solus,
1271 2481 1384 2517 quam
1410 2471 1459 2509 ob
1486 2481 1566 2508 rem
1585 2468 1743 2510 Woelff-

178 2525 297 2564 linius
332 2525 452 2564 scribi
482 2525 564 2563 vult
593 2526 617 2563 l.
647 2526 669 2563 1.
700 2528 782 2564 ‘nec
819 2526 885 2565 diu
921 2530 1111 2565 certatum
1148 2527 1254 2575 apud
1289 2528 1435 2574 latera',
1473 2528 1581 2565 cuius
1618 2530 1743 2565 muta-

178 2583 297 2621 tionis
327 2593 446 2620 causa
475 2583 581 2620 nulla
611 2586 680 2620 est.
738 2582 835 2622 Eius
865 2584 975 2622 verbi
1010 2585 1179 2623 activum
1211 2588 1339 2622 exstat
1369 2586 1473 2631 apud
1502 2584 1626 2623 Plaut.
1657 2584 1743 2622 Cas.

179 2641 258 2678 651
286 2643 456 2678 cunctas.
508 2638 607 2677 Enn.
630 2642 679 2678 tr.
703 2651 737 2677 v.
764 2640 844 2679 148
875 2652 972 2680 com.
995 2653 1028 2679 v.
1055 2642 1091 2680 3.
1139 2642 1219 2680 Att.
1250 2646 1297 2680 tr.
1323 2654 1356 2680 v.
1383 2643 1434 2680 72
1461 2645 1656 2679 cunctant.
1685 2661 1742 2669 —-

177 2696 433 2744 Participium
468 2697 610 2734 ‘ausus’
639 2696 800 2735 adhibet
836 2699 989 2744 passive
1026 2699 1173 2746 primus
1210 2698 1305 2736 Vell.
1336 2698 1388 2745 II,
1419 2700 1485 2744 80,
1516 2699 1552 2736 3.
1601 2698 1741 2737 deinde

179 2754 245 2793 Sil.
277 2755 314 2799 5,
339 2755 432 2791 442.
467 2754 529 2799 16,
554 2754 649 2792 534.
714 2754 789 2792 Sed
825 2755 1110 2794 substantivum
1141 2758 1301 2794 ‘ausum'
1332 2756 1493 2801 legimus
1530 2756 1607 2793 iam
1637 2755 1741 2802 apud

180 2811 391 2858 Vergilium
422 2811 518 2848 Aen.
548 2812 585 2855 2,
609 2811 770 2868 53536,
796 2813 889 2850 625.
921 2814 958 2859 9,
983 2814 1076 2852 281.
1109 2815 1172 2859 12,
1199 2814 1291 2851 351.
1320 2834 1370 2840 —-

294 2869 331 2918 5)
355 2867 513 2914 Restat,
537 2872 578 2905 ut
603 2868 643 2905 in
668 2869 998 2915 comparationem
1016 2881 1197 2908 vocemus
1222 2882 1332 2908 usum
1358 2869 1556 2917 participii
1574 2866 1739 2908 ‘volens'

1426 2935 1467 2968 2.
