1950 3198
0 1830 3 1839 -
0 1775 3 1790 —-
0 1749 6 1766 η-
0 1574 10 1720 -‚——--vc
0 1399 9 1565 -ν--ν--ι-ι-ς-

845 151 1125 196 „53-

315 269 445 308 Verba
475 270 640 307 ‘clausos
671 270 839 316 quodam
868 269 985 308 modo
1015 279 1061 306 ac
1091 268 1242 307 vinctos
1271 266 1336 319 (sc.
1360 266 1571 317 Romanos)
1595 266 1635 305 di
1659 266 1772 304 nobis

199 327 458 366 tradiderunt’
487 326 752 366 Woelfflinius
781 330 983 374 comparat
1013 337 1099 364 cum
1128 325 1186 373 Ig.
1217 326 1283 373 59,
1308 326 1332 363 3
1363 335 1488 373 neque
1519 324 1666 369 diutius
1691 323 1773 361 Nu-

200 385 328 423 midae
362 385 547 424 resistere
583 384 813 432 quivissent,
849 384 890 422 ni
926 384 1078 431 pedites
1110 394 1196 422 cum
1227 382 1422 431 equitibus
1451 382 1636 432 permixti
1664 392 1773 428 mag-

201 453 290 480 nam
321 443 470 481 cladem
499 442 540 480 in
570 453 781 490 congressu
805 441 996 488 facerent;
1029 441 1169 489 quibus
1199 440 1258 483 illi
1282 439 1375 478 freti
1399 452 1488 487 non,
1518 440 1577 477 uti
1601 438 1774 486 equestri

199 500 350 547 proelio
382 501 496 547 solet,
526 499 637 547 sequi
667 499 757 538 dein
786 500 942 547 cedere,
973 500 1042 538 sed
1071 499 1250 538 advorsis
1280 498 1389 545 equis
1421 508 1671 544 concurrere,
1701 497 1774 534 im-

199 557 347 604 plicare
371 568 418 596 ae
441 558 674 605 perturbare
697 557 838 605 aciem3
863 557 932 595 ita
962 556 1202 604 expeditis
1227 555 1471 603 peditibus
1498 555 1594 594 suis
1619 555 1773 592 hostis

199 626 347 662 paene
364 615 551 654 vinctos
572 615 716 662 dare'‚
736 626 823 654 eum
840 626 913 662 pro
933 615 1092 662 ‘victos’,
1110 614 1214 661 quod
1233 610 1292 652 est
1305 613 1472 652 inlibris
1485 612 1774 659 manuscriptis,

199 673 448 711 scribendum
478 676 652 711 censeret
681 673 872 718 ‘vinctos';
904 683 1021 719 quam
1051 671 1360 710 emendationem
1384 670 1570 719 perpauci
1596 681 1774 717 compro-

197 730 401 769 baverunt.
445 731 519 769 Sed
539 729 779 778 expeditis
797 730 995 778 peditibus
1015 729 1162 778 opponi
1179 732 1346 777 possunt
1357 729 1627 767 tantummodo
1641 728 1773 766 hostes

199 788 332 835 vincti,
362 799 440 826 non
470 787 580 836 victi;
609 787 849 835 interpretor
879 788 981 826 enim
1009 788 1130 827 verba
1153 786 1194 825 in
1219 786 1322 824 hunc
1346 787 1522 825 modum:
1558 785 1632 833 „So
1658 786 1773 823 iiber-

198 845 326 892 gaben
363 845 420 884 sie
456 845 568 883 ihren
604 845 726 884 durch
755 845 895 884 Niehts
931 845 1190 896 behinderten
1218 843 1502 883 Fusssoldaten
1534 843 1597 882 die
1626 842 1775 881 Feinde

198 903 364 941 beinahe
399 902 615 951 gefesselt.“
675 902 716 941 Si
750 914 844 942 vero
880 903 1087 942 lectionem
1124 902 1315 941 librorum
1345 901 1570 948 retinueris,
1601 900 1774 947 intellegi

200 972 279 998 non
319 964 464 1008 potest,
513 971 581 998 cur
623 960 830 999 Sallustius
871 962 1032 1000 verbum
1073 959 1301 1007 ‘expeditus'
1342 960 1552 998 addiderit.
1609 958 1775 997 Jacobs-

201 1018 308 1057 Wirz
339 1018 459 1057 verba
488 1017 690 1065 ‘expeditis
721 1018 920 1066 peditibus
951 1019 1045 1057 suis’
1073 1018 1140 1056 vix
1162 1021 1269 1055 recte
1293 1017 1602 1064 interpretantur
1627 1017 1773 1063 „durch

198 1076 451 1123 Anwendung
485 1075 592 1113 ihrer
627 1075 795 1114 leichten
829 1076 1140 1125 Fusstruppen“;
1177 1087 1267 1113 nam
1303 1075 1361 1113 sie
1395 1075 1546 1122 equites
1583 1074 1774 1112 enuntiati

199 1133 416 1171 subiectum
445 1144 531 1171 esse
559 1144 637 1171 non
666 1137 842 1181 possunt,
873 1134 914 1173 id
944 1135 1048 1181 quod
1078 1133 1292 1181 requiritur
1315 1136 1479 1180 propter
1501 1133 1592 1170 ‘ita’.
1617 1153 1670 1160 ——

199 1221 277 1257 Cat.
301 1222 356 1262 58,
381 1223 505 1257 9—10.
542 1220 586 1256 Si
603 1221 836 1263 vincimus,
862 1233 946 1258 om·
1017 1232 1048 1258 c.
1066 1224 1110 1257 33
1130 1231 1180 1257 or.
1194 1222 1281 1266 Agr.
1301 1241 1345 1246 —
1364 1220 1508 1257 omnia
1525 1230 1667 1266 prona
1685 1219 1773 1255 vic-

243 1267 315 1302 nia
339 1267 443 1302 nobis
466 1270 548 1302 tuta
571 1270 685 1303 erunt
703 1287 748 1293 --
774 1268 832 1303 sin
849 1272 948 1304 metu
1063 1267 1255 1307 toribus,
1297 1271 1408 1313 atque
1451 1267 1598 1302 eadem
1633 1266 1770 1302 victis

245 1313 477 1352 cesserimus,
502 1312 651 1349 eadem
673 1313 736 1349 illa
760 1314 949 1351 advorsa
1064 1313 1260 1350 adversa.
1284 1334 1329 1338 —

244 1358 343 1395 fient.
361 1379 406 1385 —
425 1358 519 1394 adde
535 1358 586 1404 Ig.
609 1361 685 1401 114,
703 1361 726 1394 2
748 1360 869 1396 omnia
880 1360 949 1396 vir-

243 1405 315 1441 tuti
338 1415 426 1441 suae
448 1415 577 1450 prona.
603 1426 647 1430 —

198 1451 248 1496 Ig.
268 1453 324 1492 51,
348 1453 371 1486 4
393 1451 431 1487 in
455 1450 564 1488 armis
587 1451 708 1488 omnia
731 1451 812 1489 sita.
837 1472 880 1478 -—
1022 1461 1122 1487 arma
1146 1454 1184 1487 et
1207 1451 1244 1487 in
1267 1450 1324 1486 his
1348 1451 1418 1487 sita
1435 1450 1565 1487 omnia.

314 1547 526 1585 Praeterea
555 1546 823 1587 conferantur:

198 1623 280 1660 hist.
305 1623 366 1660 IV.
391 1625 434 1658 61
458 1624 538 1676 (19),
565 1626 583 1658 1
609 1634 664 1669 ep.
689 1624 813 1661 Mithr.

1021 1623 1104 1659 hist.
1130 1623 1175 1664 ΙΙ,
1202 1624 1246 1659 76
1271 1633 1322 1660 or.
1341 1622 1512 1658 Muciani.

199 1670 376 1709 Omnes,
402 1680 474 1715 qul
498 1669 665 1705 secundis
684 1671 793 1706 rebus
811 1670 886 1706 suis
904 1670 952 1706 ad
1022 1670 1194 1709 Omnes,
1220 1668 1291 1714 qui
1316 1679 1529 1714 magnarum
1547 1678 1668 1704 rerum
1687 1679 1772 1703 con-

243 1715 330 1750 belli
359 1715 572 1751 societatem
603 1720 770 1756 orantur,
807 1717 952 1752 consi-

243 1761 401 1796 derare
421 1761 599 1801 debent,
618 1761 774 1798 liceatne
791 1766 870 1798 tum
887 1773 952 1808 pa-

244 1817 321 1842 cem
351 1817 475 1852 agere;
512 1807 595 1842 dein
626 1808 723 1853 quod
753 1809 950 1854 quaesitur,

244 1853 382 1888 satisne
415 1853 515 1899 pium
555 1856 676 1889 tutum
711 1854 951 1900 gloriosum

244 1909 291 1934 an
314 1899 526 1934 indecorum
549 1900 606 1935 sit.

200 1945 277 1980 Cat.
297 1946 353 1986 52,
371 1947 416 1980 35
435 1955 487 1982 or.
501 1945 578 1982 Cat.
595 1966 640 1971 -—
659 1946 722 1981 alii
739 1946 838 1982 intra
854 1957 950 1983 moe-

243 1991 304 2026 nia
333 1994 444 2036 atque
466 1991 506 2027 in
530 1991 612 2027 sinu
635 1995 722 2028 sunt
744 1993 880 2030 hostes.

199 2038 249 2082 Ig.
272 2039 325 2078 10,
349 2038 372 2071 4
396 2047 447 2072 or.
472 2037 611 2083 Micips.
637 2058 681 2064 -—

198 2084 280 2120 Non
316 2083 514 2124 exercitus,
550 2094 624 2119 non
653 2084 816 2120 thesauri
845 2094 949 2130 prae-

245 2129 338 2165 sidia
355 2129 457 2174 regni
473 2133 568 2170 sunt,
586 2141 710 2166 verum
724 2130 839 2172 amici,
859 2141 950 2176 quos

245 2185 362 2220 neque
399 2175 508 2212 armis
543 2186 672 2221 cogere
708 2186 825 2221 neque
860 2187 950 2212 auro

245 2231 378 2266 parare
401 2231 523 2266 queas.

201 2497 278 2533 Cat.
303 2498 427 2549 20‚·1(‘3
451 2497 507 2550 yel
524 2496 744 2542 imperatore
762 2497 819 2533 vel
837 2497 950 2533 milite

246 2553 303 2578 me
326 2546 477 2578 ut1m1n1.

146 2557 155 2566 ·
202 2588 260 2624 Ps.
281 2588 365 2624 Sall.
385 2599 439 2642 ep.
460 2588 506 2624 ad
526 2589 626 2624 Caes.
645 2588 690 2628 11,
711 2590 764 2633 13,
785 2590 807 2626 6
823 2589 950 2634 (Jord.)

204 2634 343 2680 Quippe
374 2645 404 2671 si
434 2634 560 2670 morbo
583 2634 655 2670 iam
679 2631 743 2670 aut
766 2633 843 2670 fato
866 2635 949 2670 huic

247 2680 396 2725 imperio
421 2690 525 2716 secus
550 2680 701 2721 aecidat,
726 2679 784 2715 cui
802 2679 947 2717 dubium

249 2730 315 2766 est,
340 2726 427 2771 quin
450 2736 519 2771 per
543 2726 668 2762 orbem
691 2729 871 2762 terrarum
889 2737 949 2763 va.-

205 2817 220 2850 1
250 2771 886 2863 ⁸332³2303¹ffl3³0ffffisstt'im
914 2828 949 2854 e-

223 2829 372 2898 gratdre
397 2829 597 2905 decuerin?
627 2864 746 2900 omnia
770 2864 844 2901 suis
867 2829 950 2909 pli-0-

1067 1715 1148 1751 silia
1182 1715 1400 1760 suscipiunt,
1437 1715 1676 1750 aestimare
1702 1714 1772 1750 de-

1065 1761 1187 1802 bent,
1229 1771 1277 1797 an
1318 1761 1417 1806 quod
1456 1761 1677 1805 inchoaturi,
1720 1760 1773 1795 rei

1065 1807 1233 1852 publicae
1267 1807 1372 1848 utile,
1407 1806 1496 1852 ipsis
1533 1807 1772 1852 gloriosum

1067 1863 1114 1888 an
1131 1857 1338 1899 promptum
1357 1852 1490 1888 effectu
1511 1857 1576 1889 aut
1588 1856 1687 1889 certe
1700 1863 1772 1888 non

1066 1899 1221 1935 arduum
1245 1899 1303 1935 sit.

1020 1945 1102 1981 hist.
1127 1946 1195 1986 111,
1220 1947 1265 1981 38
1296 1956 1347 1981 or.
1374 1945 1447 1982 Vit.
1472 1964 1516 1970 —
1541 1945 1578 1981 in
1609 1945 1699 1981 urbe
1730 1955 1772 1980 ac

1066 1991 1147 2028 sinu
1172 1991 1373 2028 cavendum
1395 1992 1550 2028 hostem.

1019 2037 1101 2074 hist.
1128 2038 1190 2079 IV,
1214 2039 1260 2073 52
1284 2048 1335 2073 or.
1360 2037 1443 2072 Titi.
1470 2058 1512 2063 —

1020 2084 1104 2120 Non
1137 2084 1318 2130 legiones,
1353 2094 1428 2119 non
1457 2083 1593 2120 classes
1622 2083 1773 2129 perinde

1065 2129 1170 2166 firma
1203 2130 1344 2176 imperii
1378 2130 1619 2171 munimenta,
1663 2140 1773 2175 quam

1065 2186 1256 2212 numerum
1285 2176 1499 2217 liberorum3
1529 2186 1614 2211 nam
1638 2176 1773 2211 amicos

1066 2227 1231 2268 tempore
1265 2222 1415 2258 fortuna
1450 2221 1680 2267 cupidinibus
1710 2222 1773 2257 ali-

1067 2268 1214 2314 quando
1262 2273 1327 2304 aut
1373 2268 1559 2303 erroribus
1610 2268 1773 2304 imminui

1066 2314 1257 2350 transferri
1281 2313 1457 2350 desinere.

1020 2378 1063 2386 —-
1087 2359 1170 2396 hist.
1193 2360 1257 2400 lv,
1283 2363 1313 2396 7.
1349 2360 1500 2396 Nullum
1535 2360 1650 2396 maius
1687 2360 1773 2395 boni

1064 2405 1206 2459 imperii
1222 2407 1516 2446 instrumentum,
1535 2417 1645 2451 quam
1657 2407 1772 2442 bonos

1066 2462 1211 2488 amicos.

1019 2498 1102 2534 hist.
1126 2498 1188 2538 IV,
1212 2498 1258 2533 66
1281 2508 1332 2533 or.
1353 2497 1451 2533 Civil.
1477 2518 1520 2522 —-
1546 2508 1611 2533 seu
1629 2508 1685 2533 me
1707 2498 1771 2534 du-

1064 2554 1142 2579 cem
1164 2555 1229 2580 seu
1252 2544 1402 2579 militem
1425 2544 1603 2580 mavultis.

1018 2589 1101 2626 hist.
1125 2590 1188 2630 IV,
1212 2592 1257 2626 74
1280 2600 1336 2627 ex.
1362 2600 1413 2626 or.
1439 2589 1577 2625 Cereal.
1604 2610 1647 2615 —

1018 2636 1112 2673 Nam
1134 2636 1250 2682 pulsis
1299 2635 1371 2670 uod
1397 2635 1434 2670 di
1456 2635 1674 2680 prohibeant
1699 2636 1771 2672 Ro-

1065 2682 1191 2722 manis,
1216 2682 1277 2727 qui
1326 2681 1425 2717 aliud
1450 2692 1559 2726 quam
1583 2682 1679 2717 bella
1696 2693 1771 2717 om-

1064 2727 1163 2764 nium
1181 2729 1277 2764 inter
1294 2739 1333 2764 se
1350 2727 1512 2772 gentium
1524 2728 1707 2763 existent?
1725 2748 1768 2753 —-

1017 2819 1100 2855 hist.
1120 2820 1163 2860 V,
1187 2822 1228 2856 17
1247 2831 1298 2855 or.
1319 2819 1418 2855 Civil.
1461 2819 1563 2865 Quae
1586 2819 1769 2864 provideri

1064 2870 1147 2901 astu
1160 2866 1262 2902 ducis
1275 2865 1490 2911 oportuerit,
1501 2866 1658 2910 provisa,
1674 2876 1769 2902 cam-
