1950 3198
838 185 1118 227 ...30-

317 305 354 347 c)
386 312 469 339 cum
501 299 704 338 adiectivis
730 299 1058 346 praedicative
1082 299 1240 338 additis.
1288 299 1378 338 Sall.
1403 299 1460 346 Ig.
1487 301 1552 345 55,
1578 301 1601 337 2
1628 299 1765 338 civitas

201 360 327 396 laeta
357 370 507 404 agere.
555 358 620 403 55,
647 359 668 395 7
703 356 850 394 divorsi
880 357 1059 402 agebant.
1110 358 1174 403 74,
1202 359 1220 394 1
1257 357 1387 394 varius
1412 357 1659 403 incertusque
1683 356 1766 402 agi-

202 417 323 454 tabat.
371 416 460 453 hist.
485 415 514 452 Ι.
540 415 590 451 41
618 413 708 463 (45),
735 415 757 451 2
785 413 897 451 liberi
922 425 1049 461 agere.
1098 414 1187 452 hist.
1213 414 1244 452 Ι.
1271 415 1324 452 63
1347 413 1428 462 (63)
1452 414 1576 452 iustos
1601 418 1640 451 et
1659 424 1767 460 egre·

202 474 287 520 gios
317 484 443 520 agere.
491 472 580 509 hist.
606 470 656 509 II.
681 471 734 508 41
759 470 850 521 (50),
876 472 899 509 5
931 471 1083 519 integer
1113 483 1206 519 agas
1237 470 1263 520 ξ
1287 472 1314 508 4
1345 471 1560 518 privatus
1591 470 1675 519 egi.

315 531 404 568 Tac.
443 529 531 567 hist.
569 527 627 574 II,
665 529 718 566 68
754 528 927 566 intentus
963 530 1057 576 agit.
1116 529 1194 575 III,
1230 529 1285 566 44
1321 529 1423 566 bello
1460 529 1587 567 clarus
1622 531 1768 574 egerat.

202 599 289 625 ann.
320 587 351 633 Ι,
382 588 407 623 4
440 587 556 624 exul.
605 597 636 623 c.
663 587 716 623 50
747 586 861 623 laeti
887 597 1010 632 neque
1034 587 1171 633 procul
1195 585 1378 624 Germani
1403 586 1614 632 agitabant.
1657 595 1689 623 c.
1715 585 1768 624 68

201 646 306 682 haud
332 645 458 681 minus
484 643 635 690 inquies
661 643 877 681 Germanus
911 644 1063 689 agebat.
1106 643 1179 690 III,
1205 644 1258 681 38
1290 643 1453 681 discors.
1494 642 1560 689 IV,
1585 643 1639 681 58
1670 646 1771 680 cete-

201 713 335 740 rorum
366 701 486 738 nescii
517 711 646 747 agere.
700 700 764 747 VI,
794 701 848 738 42
880 702 1104 739 concordes.
1159 700 1227 747 XI,
1259 701 1309 738 21
1346 703 1529 738 secretus.
1576 699 1686 746 XIII,
1718 699 1771 737 24

202 758 480 806 incorruptior.
528 757 632 804 XIV,
667 758 717 796 15
749 758 845 795 clari
876 758 1146 805 honoratique.
1192 758 1275 805 XV,
1302 757 1352 796 23
1379 757 1618 796 immodicus.
1660 768 1691 795 c.
1717 757 1769 795 37

203 816 438 863 corruptior.

315 874 518 911 Postremo
549 872 719 910 conferri
750 875 880 919 potest
910 873 1056 911 locutio
1086 872 1137 910 ‘in
1170 883 1237 910 ore
1267 873 1431 911 alicuius
1460 872 1589 920 agere'
1618 881 1689 918 pro
1719 870 1772 908 ‘in

203 934 412 978 conspectu
443 930 607 968 alicuius
639 928 815 968 versari':
856 930 945 968 Sall.
976 930 1066 968 hist.
1098 929 1128 967 Ι.
1160 931 1214 967 90
1242 929 1323 980 (92)
1352 934 1395 968 ut
1423 931 1465 968 in
1497 940 1565 968 ore
1593 928 1774 975 gentibus

202 1000 333 1035 agens.
388 987 439 1025 II.
470 989 522 1025 41
555 987 647 1037 (50),
677 988 704 1025 4
734 987 775 1024 in
811 999 879 1026 ore
907 990 1042 1025 vostro
1073 987 1146 1033 egi.
1205 987 1295 1025 Tac.
1325 988 1415 1027 hist.
1445 987 1518 1033 ΙΙΙ,
1549 987 1602 1025 36
1634 985 1674 1023 in
1705 995 1772 1023 ore

202 1046 308 1092 vulgi
338 1056 465 1092 agere.
526 1045 600 1083 Sed
632 1045 709 1083 Cic.
740 1056 798 1092 pr.
822 1044 937 1083 Rosc.
962 1045 1090 1083 Amer.
1117 1046 1141 1083 6
1166 1043 1206 1082 in
1240 1055 1307 1083 ore
1339 1045 1508 1083 omnium
1534 1043 1693 1082 versari.
1719 1063 1770 1070 —-—

317 1102 603 1150 Antiquitatem
632 1103 787 1140 videtur
817 1103 994 1141 redolere
1018 1114 1110 1140 usus
1137 1101 1246 1140 verbi
1271 1102 1460 1141 ‘attinere'
1484 1111 1555 1150 pro
1582 1100 1773 1138 ‘retinere’

203 1161 438 1207 ‘continere',
475 1161 579 1206 quod
615 1163 744 1198 exstat
780 1161 885 1206 apud
914 1160 1096 1198 Plautum
1128 1159 1282 1206 saepius
1311 1159 1394 1210 (cfr.
1423 1159 1529 1197 Brix.
1562 1159 1613 1196 ad
1643 1157 1710 1195 mil
1740 1168 1775 1195 v.

208 1219 339 1267 1327),
370 1219 475 1265 apud
505 1217 730 1255 Terentium
759 1215 851 1266 (Cic.
883 1228 938 1255 or.
967 1218 1071 1268 157),
1101 1217 1205 1264 apud
1231 1217 1320 1255 Sall.
1344 1216 1401 1264 Ig.
1431 1217 1524 1262 108,
1550 1216 1586 1254 3.
1628 1215 1719 1253 hist.
1743 1213 1774 1252 Ι.

205 1276 259 1313 48
292 1275 383 1326 (51),
417 1276 480 1314 16.
511 1297 562 1302 -
597 1275 686 1313 Tac.
718 1274 807 1312 hist.
839 1274 869 1322 I,
903 1275 966 1312 14.
1014 1286 1102 1312 ann.
1133 1274 1164 1321 I,
1196 1275 1261 1313 35.
1293 1275 1358 1313 50.
1407 1273 1456 1321 11,
1490 1274 1554 1311 10.
1586 1273 1651 1311 52.
1703 1270 1775 1318 ΠΙ,

205 1334 242 1371 3.
273 1333 340 1373 36.
375 1335 439 1371 71.
499 1331 566 1378 IV,
604 1333 640 1370 5.
695 1331 764 1379 VI,
806 1333 870 1371 17.
904 1334 968 1370 19.
1001 1333 1065 1371 23.
1097 1333 1162 1370 27.
1215 1331 1311 1379 XII,
1352 1333 1415 1370 12.
1447 1331 1512 1370 68.
1542 1329 1674 1376 XIII,
1711 1330 1776 1367 27.

206 1391 271 1428 37.
302 1391 369 1428 46.
401 1391 465 1428 50.
498 1390 564 1429 53.
612 1389 718 1436 XIV,
752 1390 816 1428 25.
848 1389 914 1428 33.
946 1390 1011 1428 56.
1058 1389 1141 1436 XV,
1173 1390 1238 1427 24.
1269 1390 1335 1428 57.
1383 1388 1487 1435 XVI,
1520 1388 1572 1426 19
1604 1390 1643 1425 et
1673 1387 1777 1433 apud

205 1447 449 1494 antiquarios
480 1446 616 1485 Front.
646 1458 684 1494 p.
715 1447 808 1494 253,
840 1448 864 1485 6
895 1447 942 1485 N.
1000 1447 1094 1485 Aur.
1126 1446 1226 1484 Vict.
1258 1445 1366 1485 Caes,
1395 1447 1433 1493 8,
1467 1447 1502 1483 1.
1534 1466 1587 1472 —-

319 1505 453 1551 Neque
490 1505 564 1542 huc
600 1515 677 1542 non
714 1507 892 1551 spectant
927 1504 1143 1543 locutiones
1180 1504 1330 1551 aliquot
1361 1503 1594 1551 singulares:
1624 1501 1777 1540 ‘bellum

207 1562 418 1610 duplicare’
455 1574 526 1609 pro
563 1562 775 1600 ‘renovare’
811 1562 901 1600 Sall.
938 1562 1028 1600 hist.
1062 1562 1094 1600 I.
1126 1562 1178 1600 26
1208 1561 1299 1611 (34).
1358 1561 1448 1599 Tac.
1485 1559 1575 1598 hist.
1611 1558 1678 1606 IV,
1709 1558 1776 1596 54.

205 1621 336 1658 Aurel.
367 1620 467 1658 Vict.
499 1619 607 1657 Caes.
639 1619 704 1666 33,
730 1621 754 1656 2
788 1642 839 1646 —
871 1620 1026 1657 ‘bellum
1056 1619 1242 1657 inritare'.
1302 1619 1392 1657 Sall.
1423 1618 1512 1656 hist.
1542 1616 1573 1656 Ι.
1606 1618 1657 1655 16
1687 1616 1778 1666 (18).

206 1678 297 1715 Tac.
327 1678 417 1715 hist.
448 1677 500 1723 II,
532 1677 585 1715 24
616 1676 779 1715 inritato
809 1677 970 1724 proelio.
1024 1677 1113 1715 Sall.
1145 1676 1235 1715 hist.
1264 1676 1317 1714 H.
1348 1677 1402 1714 30
1430 1674 1510 1726 (36)
1539 1675 1708 1712 advorsa
1737 1673 1778 1710 in

207 1735 451 1782 pravitatem,
471 1735 642 1772 secunda
660 1734 701 1771 in
721 1728 865 1782 casum,
883 1733 1081 1772 fortunam
1101 1734 1141 1771 in
1160 1734 1420 1772 temeritatem
1440 1732 1723 1771 declinando
1738 1729 1778 1780 1).

208 1792 298 1830 Tac.
328 1803 419 1830 ann.
449 1791 533 1838 XV,
565 1793 618 1830 26
650 1792 849 1830 adversa
878 1793 924 1830 in
954 1791 1149 1830 inscitiam
1178 1791 1290 1830 Paeti
1320 1790 1578 1830 declinans.

692 1949 811 2004 ΠΙ.
874 1949 969 2003 De
1007 1948 1305 2017 syntaxi.

209 2063 263 2107 A.
317 2063 380 2105 De
421 2063 609 2106 neutris
651 2063 999 2106 adiectivorum
1042 2061 1452 2106 substantivorum
1498 2071 1632 2103 more
1668 2071 1774 2103 cum

725 2119 945 2174 genetivo
977 2120 1260 2164 coniunctis.

323 2215 473 2254 Neutra
520 2214 802 2253 adiectivorum
844 2214 1000 2252 nonnisi
1046 2214 1225 2252 absolute
1271 2212 1402 2261 posita
1443 2211 1777 2251 substantivorum

210 2273 294 2311 vice
324 2284 348 2311 a
377 2271 571 2320 principio
608 2273 733 2311 solere
767 2271 878 2319 fungi
913 2272 1182 2319 pervulgatum
1218 2273 1277 2309 est
1311 2270 1416 2308 velut
1445 2270 1602 2308 beatum
1632 2269 1776 2307 bonum

209 2331 414 2369 honestum
444 2330 589 2367 iustum
619 2330 714 2367 utile
743 2330 790 2368 al.
837 2329 972 2376 Neque
1002 2328 1196 2367 adiectiva
1225 2327 1273 2366 iis
1303 2327 1397 2367 addi
1427 2327 1564 2374 solent,
1594 2338 1642 2364 ne
1667 2338 1777 2364 error

209 2388 389 2426 videlicet
420 2388 468 2425 de
497 2387 688 2425 adieetivo
719 2398 810 2425 vere
838 2397 910 2433 pro
942 2386 1185 2427 substantivo
1217 2385 1346 2433 posito
1377 2385 1537 2431 oriatur,
1568 2394 1638 2421 nec
1661 2394 1777 2431 gene-

210 2445 291 2483 tivi.
338 2445 622 2482 Tantummodo
653 2455 768 2482 sensu
800 2444 986 2491 partitivo
1016 2443 1217 2490 genetivus
1248 2443 1299 2481 ad
1329 2445 1468 2480 neutra
1497 2441 1776 2479 adiectivorum

210 2502 376 2539 accessit
399 2512 523 2548 neque
547 2501 625 2539 alia
649 2503 698 2540 ad
724 2500 917 2539 adiectiva
941 2501 1017 2539 nisi
1034 2502 1086 2539 ad
1105 2500 1318 2538 numeralia
1336 2503 1453 2546 atque
1471 2499 1703 2546 pronomina
1723 2519 1775 2525 -—

212 2560 371 2597 multum
410 2560 496 2606 plus
533 2559 739 2606 plurimum
776 2559 989 2606 paullulum
1023 2557 1235 2606 pauxillum
1266 2556 1467 2595 dimidium
1499 2555 1539 2594 id
1569 2556 1644 2593 hoc
1673 2555 1775 2593 idem

213 2617 307 2654 illud
343 2617 443 2654 istuc
475 2617 578 2663 quod
611 2616 714 2662 quid.
750 2616 887 2654 Paullo
922 2615 1075 2661 longius
1111 2615 1189 2653 iam
1220 2614 1355 2652 Cicero
1392 2613 1660 2661 progreditur,
1691 2623 1777 2649 cum

214 2685 328 2712 sensu
358 2673 545 2720 partitivo
582 2674 801 2720 genetivum
836 2674 1020 2711 adnectat
1049 2672 1165 2710 etiam
1196 2671 1470 2719 comparativis
1501 2674 1540 2708 et
1569 2669 1778 2717 superlati-

213 2731 283 2768 vis.
331 2731 399 2768 cfr.
431 2730 479 2767 ad
510 2731 590 2768 Att.
621 2731 657 2776 4,
691 2731 742 2769 33
775 2730 815 2767 in
845 2730 1035 2768 interiora
1064 2730 1228 2768 aedium.
1281 2728 1386 2767 Lael.
1411 2730 1449 2780 4,
1475 2729 1527 2765 12
1558 2727 1667 2765 cuius
1698 2725 1778 2765 dis-

249 2890 265 2922 r
310 2844 339 2921 1))
357 2844 414 2875 cfr.
446 2843 524 2876 Tac.
557 2850 629 2874 ann.
662 2841 755 2884 XIV,
779 2842 823 2875 38
854 2843 995 2874 adversa
1023 2842 1176 2884 pravitati
1204 2841 1325 2884 ipsius,
1355 2850 1511 2883 prospera
1541 2839 1584 2871 ad
1613 2838 1777 2871 fortunam

213 2899 247 2922 re
264 2900 318 2921 ere
342 2894 383 2921 at.
420 2907 450 2912 —
