1950 3198
804 172 1086 215 ...21-

159 303 185 340 p
192 291 206 329 i
214 302 237 329 0
245 302 265 329 r
271 302 297 328 u
304 302 341 329 m
394 289 838 329 ‘collidens-continens·
844 288 1733 328 minuens-movans-terminans-vertens-vol-

159 349 268 386 vens'
296 347 591 395 reflexivum‚
629 347 694 395 qui
730 359 754 385 a
789 350 898 386 recta
933 347 1118 394 loquendi
1149 346 1429 385 consuetudine
1465 357 1543 383 non
1574 345 1734 397 recedit,

161 417 256 444 cum
292 417 376 444 usu
412 406 604 454 passivo
639 404 936 453 participiorum
972 403 1145 443 ‘initians
1181 402 1307 454 (Vitr.)
1348 404 1563 442 intolerans
1605 401 1732 454 (Tac.),

160 461 1093 502 eiaculans-amantissimus·desiderantissimus
1123 458 1345 511 (inscript.)',
1384 461 1449 508 qui
1479 472 1573 499 usus
1611 460 1732 508 parti-

161 521 350 569 cipiorum
390 520 568 569 passivus
610 531 696 569 pro
738 519 858 558 vitio
901 519 1135 558 sermonis
1174 518 1384 567 vulgaris
1422 518 1624 557 habendus
1662 521 1734 557 est.

159 577 353 617 ‘Volvens’
381 578 462 617 sive
503 577 684 625 adiungis
722 577 851 616 medio
883 577 1020 624 ‘volvi',
1050 580 1094 615 ut
1123 577 1250 623 Neue,
1286 576 1368 615 sive
1396 576 1525 614 activo
1558 576 1735 622 ,volvere'

161 635 343 675 reflexive
372 635 562 682 adhibito,
593 636 697 682 quod
728 646 805 674 non
834 634 961 674 minus
992 637 1141 673 rectum
1178 637 1237 672 651
1266 634 1402 681 utique
1432 634 1551 672 habet
1581 643 1736 671 sensum

160 693 396 740 reflexivum,
427 693 518 733 item
542 691 922 731 ‘minuens-vertens’
947 695 1018 730 etc.
1045 714 1097 719 —
1123 691 1347 730 Reflexivus
1371 702 1507 730 sensus
1539 702 1588 728 an
1619 690 1735 729 etiam

161 751 369 800 participio
399 749 624 798 ‘gignentia'
653 750 903 789 subiciendus
935 749 997 797 sit,
1029 750 1178 788 dubito.
1239 750 1314 788 Sed
1345 749 1484 788 ceteris
1515 747 1734 797 participiis

160 809 330 847 ‘initians
339 829 355 836 ·
364 808 578 847 intolerans
586 829 602 837 -
610 808 806 846 eiaculans
816 828 830 835 -
840 819 974 846 31113115
983 828 998 835 -
1008 806 1246 848 desiderans‘
1288 806 1557 845 tantummodo
1600 817 1735 844 sensus

160 866 286 905 inesse
315 869 446 915 potest
474 865 676 920 passivusq
699 866 838 904 horum
869 865 1111 912 igitur‘usus
1143 865 1192 903 ab
1222 865 1301 903 illis
1328 864 1627 910 distinguendus
1654 863 1731 902 dis-

160 924 456 971 cernundusque
490 926 560 963 est.
590 923 754 962 Accedit
790 925 911 971 quod,
947 925 992 960 ut
1026 922 1104 960 iam
1135 933 1254 971 supra
1289 921 1421 970 attigi,
1459 921 1578 960 etiam
1611 920 1740 959 activa

159 981 371 1020 ‘continere
382 980 410 1031 ¹)
439 978 1016 1020 -minuere-vertere·volvere’
1052 979 1138 1028 ipsa
1177 990 1330 1027 quoque
1371 979 1519 1018 habent
1554 979 1633 1017 vim
1676 990 1737 1017 re-

161 1038 357 1086 flexivam,
388 1049 486 1086 quae
515 1039 574 1078 vis
608 1039 714 1078 unde
745 1041 832 1078 orta
868 1038 935 1085 sit,
973 1041 1104 1076 utrum
1143 1037 1367 1086 acceperint
1397 1049 1482 1075 eam
1520 1040 1619 1083 tum,
1651 1048 1736 1075 cum

161 1097 376 1136 mediorum
400 1096 550 1135 formae
572 1096 813 1135 transierunt
837 1096 877 1134 in
905 1107 1061 1134 sensum
1079 1095 1288 1144 passivum,
1314 1106 1364 1132 an
1382 1094 1578 1133 traxerint
1596 1106 1643 1132 ex
1662 1106 1735 1132 usu

118 1202 126 1212 ,
164 1155 354 1202 absoluto,
378 1155 453 1192 1106
479 1155 566 1193 1060
590 1165 669 1192 11011
694 1154 957 1201 quaerendum
983 1156 1052 1191 est.
1095 1151 1281 1191 ‘Movens’
1301 1155 1430 1191 autem
1461 1155 1499 1190 et
1525 1152 1738 1191 ‘collidens'

164 1213 215 1250 ad
251 1211 473 1259 analogiam
515 1211 789 1258 mediorum,
834 1222 950 1259 quae
985 1210 1247 1259 participia
1282 1210 1550 1259 praesentis
1587 1210 1737 1247 activi

165 1269 258 1308 sibi
283 1269 660 1321 vindicaverunt,
691 1269 747 1307 ita
777 1268 956 1308 adhibita
980 1280 1064 1307 esse
1087 1269 1263 1317 putanda
1282 1270 1383 1315 sunt,
1409 1267 1591 1315 quoniam
1609 1267 1738 1306 activa

163 1328 340 1366 ‘movere’
370 1330 408 1365 et
437 1327 644 1366 ‘collidere’
673 1338 862 1374 nusquam
892 1326 1074 1365 videntur
1109 1324 1293 1364 reflexive
1329 1337 1414 1363 esse
1449 1328 1649 1373 usurpata.
1683 1348 1733 1352 —

276 1384 317 1423 Is
330 1384 450 1431 igitur
461 1396 555 1423 usus
573 1384 870 1433 participiorum
887 1382 1096 1422 reflexivus
1116 1395 1164 1421 116
1177 1382 1436 1431 scriptoribus
1451 1382 1604 1430 quidem
1623 1394 1736 1421 rarus

164 1445 239 1488 est;
269 1445 426 1491 praeter
454 1453 510 1489 ea,
541 1453 640 1489 quae
663 1442 862 1482 Usenerus
892 1441 1035 1488 attulit,
1066 1441 1142 1478 huc
1166 1440 1380 1489 pertinent:
1424 1440 1501 1478 Cic.
1528 1440 1576 1478 de
1601 1452 1656 1478 or.
1682 1440 1733 1486 II,

164 1500 247 1539 278
276 1498 366 1549 (ν1(1.
403 1498 521 1550 supr.)
555 1499 708 1538 ‘ceteris
743 1499 783 1537 in
821 1510 956 1548 campo
993 1498 1285 1537 exercentibus'.
1350 1498 1477 1536 Plaut.
1507 1497 1614 1536 Asin.
1652 1497 1734 1536 403

165 1557 365 1605 quassanti
389 1552 526 1605 capite.
557 1556 698 1595 Bacch.
725 1557 820 1596 305.
852 1556 961 1595 Caec.
987 1567 1084 1595 com.
1111 1557 1189 1595 271
1208 1555 1436 1602 quassantia
1456 1555 1596 1603 capita.
1622 1554 1736 1602 Vei-g.

164 1615 306 1662 Georg.
324 1614 354 1661 Ι,
377 1614 430 1653 74
451 1614 593 1663 siliqua
617 1618 837 1662 quassante.
863 1613 932 1653 cfr.
958 1613 1063 1652 Serv.
1084 1613 1135 1652 ad
1160 1614 1255 1652 Aen.
1276 1613 1308 1651 Ι.
1331 1613 1424 1652 234.
1450 1612 1541 1650 ‘Alii
1565 1635 1618 1640 —
1646 1613 1738 1659 quia

165 1671 295 1711 deficit
334 1671 468 1719 lingua
509 1672 632 1711 latina
667 1671 877 1722 participio
914 1671 1112 1720 praesenti
1150 1671 1308 1719 passivo
1345 1682 1530 1719 praesens
1567 1669 1735 1709 activum

163 1730 332 1778 positum
362 1730 497 1768 volunt
526 1751 579 1758 --
611 1733 654 1768 ut
683 1729 879 1768 volventia
914 1730 1091 1778 plaustra
1121 1732 1160 1767 et
1196 1727 1338 1775 siliqua
1375 1731 1600 1775 quassante,
1639 1739 1737 1776 quae

164 1787 393 1834 quassatur’.
419 1809 471 1815 —
498 1786 599 1826 adde
623 1787 742 1825 schol.
770 1786 917 1825 Lucan.
942 1799 978 1835 p.
1006 1787 1098 1836 175,
1125 1786 1177 1825 23
1205 1786 1432 1834 quassantia
1456 1785 1590 1823 limina
1615 1808 1667 1813 -—
1694 1788 1737 1824 ut

164 1844 358 1883 volventia
383 1845 568 1892 plaustra.
598 1867 649 1872 -—
675 1844 802 1882 Plaut.
828 1847 928 1893 capt.
970 1844 1054 1882 814
1085 1843 1275 1882 crucianti
1307 1843 1491 1882 canterio.
1521 1843 1656 1882 Front.
1686 1844 1737 1882 ad

163 1902 274 1941 amic.
300 1902 331 1948 I,
353 1903 403 1940 15
429 1914 465 1951 p.
488 1902 580 1949 184,
603 1903 654 1941 16
675 1902 720 1940 N.
740 1901 925 1941 membris
946 1901 1223 1940 cruciantibus.
1244 1923 1295 1928 ——
1318 1900 1370 1939 id.
1391 1902 1438 1939 (16
1459 1902 1546 1939 bell.
1565 1900 1736 1939 Parthie.

163 1973 198 2009 p.
220 1961 312 2006 220,
332 1960 357 1999 6
376 1959 422 1998 N.
452 1959 678 2009 Polycrates
703 1962 839 2008 captus
864 1958 904 1997 in
929 1970 1082 1997 crucem
1108 1959 1285 1998 sublatus
1311 1961 1381 2005 651,
1406 1959 1462 1996 113
1488 1958 1524 1997 61
1545 1958 1735 1997 crucianti

163 2017 353 2056 somnium
389 2017 620 2066 expeditum.
654 2039 705 2044 -
737 2016 835 2055 Plin.
861 2028 896 2055 n.
920 2017 957 2055 h.
984 2017 1048 2064 35,
1076 2017 1099 2055 3
1138 2017 1267 2065 spatia
1304 2016 1448 2054 montis
1486 2016 1526 2054 in
1557 2016 1737 2054 cubiculo

163 2074 380 2114 dilatantia.
432 2075 635 2114 Accedunt
664 2073 874 2123 participia
905 2074 1062 2113 evidens
1094 2074 1271 2112 animans
1302 2085 1459 2112 comans
1491 2074 1736 2112 corniculans

164 2133 333 2171 stellans.
365 2154 418 2159 -

277 2190 400 2229 Usum
443 2189 739 2237 participiorum
775 2189 992 2238 praesentis
1031 2188 1150 2227 activi
1184 2188 1399 2236 passivum,
1443 2188 1509 2235 qui
1546 2188 1734 2227 sermonis

163 2246 346 2294 proprius
383 2249 442 2285 est
476 2246 667 2295 vulgaris,
710 2247 815 2294 apud
846 2247 1058 2294 scriptores
1089 2257 1252 2294 perraro
1284 2246 1512 2284 invenimus.
1566 2246 1623 2283 Ac
1653 2246 1733 2293 pri-

163 2315 265 2342 mum
307 2303 555 2343 refutandum
592 2307 652 2343 est
693 2305 925 2352 exemplum,
969 2305 1072 2351 quod
1114 2304 1312 2343 Usenerus
1355 2304 1488 2342 attulit
1524 2315 1571 2341 ex
1605 2303 1734 2341 Plinio

163 2361 327 2408 minore,
363 2361 432 2400 ubi
462 2356 728 2409 participium,
766 2361 974 2400 ‘audentia’
1005 2361 1160 2409 passive
1189 2361 1345 2400 videtur
1375 2372 1460 2399 6556
1491 2363 1731 2407 usurpatum.

162 2418 314 2458 Revera
343 2419 487 2457 habere
517 2419 558 2457 id
583 2430 736 2457 sensum
761 2419 930 2458 activum
955 2430 1003 2457 ex
1026 2419 1123 2457 locis
1148 2418 1220 2465 his,
1248 2430 1344 2466 quos
1371 2418 1599 2465 simpliciter
1626 2418 1733 2456 iuxta

164 2476 288 2523 posui,
319 2478 497 2523 apparet:
529 2476 660 2523 Quint.
690 2476 782 2523 XII,
809 2478 861 2515 10
891 2488 1019 2515 nonne
1049 2476 1109 2514 his
1140 2475 1258 2514 latior
1289 2478 1328 2514 et
1358 2476 1563 2514 audentior
1594 2478 1633 2513 et
1663 2487 1730 2513 ex-

164 2533 304 2571 celsior
334 2531 601 2583 (Aeschines)?
654 2533 743 2572 Tac.
775 2534 927 2580 dial.,c.
961 2535 1024 2572 14.
1077 2533 1249 2571 Materni
1280 2544 1351 2580 pro
1383 2533 1618 2570 carminibus
1650 2533 1730 2570 suis

164 2590 268 2628 laeta
297 2611 348 2618 —
382 2594 421 2628 et
456 2590 663 2628 audentior
698 2594 737 2629 et
772 2595 976 2638 poetarum
1013 2602 1128 2638 quam
1165 2593 1364 2629 oratorum
1396 2590 1561 2627 similior
1593 2590 1730 2629 oratio.

162 2647 260 2685 Plin.
285 2658 344 2694 ep.
369 2647 437 2693 IX,
457 2648 522 2694 26,
543 2648 567 2686 5
594 2647 685 2694 quia
707 2648 812 2686 visus
838 2659 879 2686 es
904 2648 999 2686 mihi
1023 2649 1064 2686 in
1088 2648 1245 2694 scriptis
1271 2648 1365 2685 meis
1385 2648 1594 2685 adnotasse
1614 2658 1730 2693 quae-

165 2705 252 2743 dam
283 2708 327 2742 ut
357 2705 523 2751 tumida,
555 2716 652 2752 quae
682 2716 754 2752 ego
786 2705 983 2752 sublimia,
1013 2708 1057 2744 ut
1086 2705 1282 2752 improba,
1314 2715 1413 2751 quae
1443 2715 1514 2750 ego
1545 2705 1731 2742 audentia

163 2784 219 2790 —
243 2762 478 2801 arbitrabar.
507 2783 557 2789 —
585 2762 659 2801 Sed
689 2762 748 2809 iis,
781 2774 878 2809 quae
902 2763 1100 2802 Usenerus
1130 2765 1236 2800 recte
1267 2761 1410 2808 attulit,
1440 2761 1562 2800 addo:
1603 2761 1727 2800 Lucil.

256 2885 283 2928 ¹)
308 2885 412 2917 plaut.
437 2884 540 2918 Stich.
563 2895 594 2917 v.
622 2884 688 2920 452
713 2896 771 2927 per
794 2885 924 2918 hortum
950 2890 1088 2928 utroque
1114 2889 1319 2917 commeatus
1346 2885 1498 2917 continet.

807 2934 824 2953 Ο
