1950 3198
859 156 1026 197 -48
1087 178 1163 184 .-.

213 270 269 308 110
299 270 342 317 (c.
375 269 452 319 31).
509 270 570 308 De
605 269 775 309 civitatis
812 270 988 308 moribus
1027 270 1162 308 eodem
1198 269 1279 308 fere
1315 271 1431 309 modo
1462 271 1668 310 Sallustius
1706 272 1785 310 dis-

214 328 366 374 putavit
396 327 435 365 in
466 328 659 374 Iugurtha
686 328 731 376 (c.
762 328 953 376 41—43),
984 339 1060 374 quo
1086 327 1125 364 in
1151 326 1319 365 Catilina
1342 327 1385 370 (c.
1414 329 1466 366 10
1492 332 1595 376 sqq).
1643 327 1785 375 Egres-

214 385 362 422 sionem
406 385 571 432 denique
613 386 661 423 de
696 384 892 423 Philaenis
935 384 1124 422 fratribus
1164 383 1208 431 (c.
1243 383 1308 432 79)
1343 387 1382 422 et
1416 384 1534 422 Marii
1571 385 1786 424 orationem

215 441 413 488 copiosam
455 441 500 492 (c.
531 440 598 490 85)
633 442 814 480 attulisse
857 442 953 480 satis
990 441 1129 480 habeo.
1166 462 1218 468 —
1256 441 1303 479 In
1339 441 1516 480 historiis
1552 441 1786 489 principium

214 499 415 545 eiusmodi,
453 492 557 546 quod
594 502 654 538 est
689 499 728 537 in
765 499 877 537 libris
915 498 1149 545 minoribus,
1185 498 1419 545 requirimus
1433 497 1475 548 ¹);
1512 497 1651 545 incipit
1686 500 1787 537 enim

216 555 440 594 Sallustius:
482 556 570 595 ‘Res
607 556 743 604 populi
772 556 939 595 Romani
969 556 1023 594 M.
1054 555 1204 603 Lepido
1236 556 1280 602 Q.
1311 556 1448 594 Catulo
1487 556 1712 594 consulibus
1742 568 1807 596 ac.

216 613 356 651 deinde
386 613 549 651 militiae
579 617 618 652 et
649 614 754 653 domi
784 617 914 660 gestas
946 613 1171 661 composui’.
1217 612 1368 651 Deinde
1398 612 1571 660 loquitur
1602 614 1649 651 de
1679 625 1720 651 se
1749 618 1788 652 et

215 670 382 709 historia
404 669 464 721 (fr.
491 672 599 709 2-5
626 670 685 719 D.)
709 682 834 718 neque
858 670 1121 718 egressionem
1147 670 1195 709 de
1219 670 1390 708 civitatis
1415 657 1590 709 moribus
1615 674 1789 718 praeter·

216 727 336 766 mittit
364 727 424 778 (fr.
457 727 620 777 6—14),
658 732 843 775 quantum
875 740 923 766 ex
952 727 1181 775 fragmentis
1213 728 1391 765 conicere
1421 729 1522 766 licet.
1582 728 1788 774 Egressio-

215 797 301 823 nem
338 785 639 832 geographicam
676 787 892 833 reperimus
922 786 1025 824 libro
1055 784 1173 823 tertio
1203 783 1263 834 (fr.
1295 785 1494 834 41-46),
1532 796 1632 832 quae
1661 796 1791 832 egres·

217 842 275 881 sio
306 854 330 880 a
360 843 558 881 veteribus
582 843 745 890 proprio
771 843 927 881 nomine
951 843 1135 882 laudatur
1159 842 1220 880 ‘de
1245 842 1321 880 situ
1346 842 1488 881 Ponti'.
1535 842 1790 880 Orationibus

215 911 307 937 vero
340 911 454 946 quam
486 911 665 947 magnam
696 900 848 939 dederit
879 911 1037 948 operam
1068 900 1186 938 etiam
1217 899 1258 937 in
1288 899 1481 946 historiis,
1519 911 1566 937 ex
1596 899 1661 946 iis,
1693 911 1792 946 quae

216 957 267 994 ad
298 969 368 996 nos
398 960 672 1004 pervenerunt,
711 957 826 996 facile
857 958 1117 1004 cognoscitur.
1175 956 1222 994 In
1252 957 1476 995 universum
1506 956 1628 1004 igitur
1659 957 1791 1004 dispo-

217 1014 398 1052 sitionem
428 1026 562 1064 parem
593 1015 772 1053 omnibus
803 1016 844 1053 in
873 1015 986 1054 libris
1017 1017 1171 1053 secutus
1202 1017 1271 1061 est,
1303 1014 1378 1052 nisi
1410 1015 1514 1062 quod
1539 1014 1726 1053 historias
1752 1014 1791 1052 in

216 1072 372 1110 modum
403 1072 602 1110 annalium
631 1084 702 1120 per
732 1073 906 1120 singulos
937 1084 1062 1111 annos
1094 1071 1267 1118 digessit.

331 1129 501 1176 Tacitus,
533 1129 599 1176 qui
623 1130 708 1177 ipse
733 1141 886 1177 quoque
909 1130 1124 1177 exemplum
1150 1128 1326 1167 Sallustii
1351 1131 1506 1167 secutus
1531 1128 1644 1167 initio
1670 1128 1794 1167 mino-

218 1186 329 1224 ribus
362 1186 402 1223 in
433 1186 590 1234 scriptis
616 1187 804 1234 substitit,
834 1188 935 1225 hanc
959 1187 1042 1225 eius
1069 1186 1365 1234 dispositionem
1391 1186 1516 1233 primo
1542 1186 1644 1224 libro
1669 1186 1793 1224 histo-

217 1243 318 1289 rico,
357 1254 469 1290 quem
507 1244 665 1291 scripsit
702 1245 749 1283 de
778 1245 988 1291 Agricolae
1022 1244 1103 1283 vita
1140 1247 1178 1282 et
1213 1243 1406 1289 moribus,
1442 1243 1556 1290 plene
1587 1243 1699 1290 quasi
1729 1254 1793 1282 ex-

219 1301 380 1347 pressit,
417 1301 458 1339 id
495 1302 599 1348 quod
635 1302 713 1340 iam
743 1302 792 1340 ab
823 1301 1023 1340 Eussnero
1054 1302 1293 1340 intellectum
1323 1312 1446 1347 nuper
1475 1301 1525 1339 ab
1557 1300 1754 1339 Urlichsio
1766 1300 1795 1349 ²)

217 1358 510 1397 accuratissime
540 1361 631 1397 ante
663 1360 795 1398 oculos
826 1359 940 1398 nobis
970 1358 1142 1406 positum
1173 1361 1248 1404 est,
1280 1369 1393 1405 quam
1426 1358 1476 1396 ob
1506 1369 1588 1396 rem
1619 1358 1659 1396 in
1689 1369 1793 1396 com-

216 1415 462 1462 parationem
492 1416 640 1455 vocabo
671 1417 939 1455 tantummodo
971 1428 1033 1463 ea,
1076 1427 1175 1463 quae
1204 1415 1364 1454 maioris
1395 1418 1486 1453 sunt
1514 1414 1710 1454 momenti.
1741 1436 1792 1442 ——

217 1473 310 1519 Agr.
336 1484 367 1510 c.
396 1474 504 1512 1—-3
524 1491 580 1505 z
599 1473 684 1513 Cat.
715 1474 838 1513 3—4.
891 1474 948 1520 Ig.
975 1474 1098 1521 3-4‚
1123 1474 1191 1512 ubi
1216 1473 1303 1520 pari
1327 1473 1444 1511 modo
1470 1472 1518 1510 de
1542 1484 1583 1511 se
1607 1476 1646 1510 et
1670 1472 1794 1511 histo-

216 1530 277 1568 ria
308 1529 518 1568 disserunt.
567 1531 660 1578 Agr.
692 1542 724 1569 6.
754 1532 780 1568 4
812 1543 894 1578 sqq.
915 1549 971 1563 Ξ
994 1530 1077 1569 Cat.
1108 1543 1140 1569 c.
1171 1532 1207 1569 5.
1244 1530 1301 1577 Ig.
1333 1541 1364 1568 c.
1395 1531 1418 1568 5
1452 1541 1545 1577 sqq„
1575 1530 1643 1568 ubi
1668 1530 1794 1568 Sallu-

218 1587 317 1625 stius
355 1587 549 1626 Catilinae
585 1591 624 1626 et
653 1588 884 1636 Iugurthae,
921 1588 1081 1627 Tacitus
1117 1588 1326 1635 Agricolae
1361 1598 1488 1625 mores
1525 1590 1563 1625 61
1598 1587 1795 1634 ingenium

218 1645 470 1683 demonstrat.
520 1644 783 1684 Conferantur
813 1646 980 1684 maxime
1004 1646 1098 1692 Agr.
1130 1657 1162 1684 c.
1188 1646 1211 1683 5
1236 1644 1298 1695 (de
1322 1644 1530 1691 Agricolae
1554 1643 1797 1692 rudimentis)

219 1713 304 1739 cum
342 1701 400 1748 Ig.
432 1714 463 1740 c.
496 1703 520 1741 5
557 1702 618 1752 (de
654 1703 866 1750 Iugurthae
901 1703 1125 1752 iuventute).
1162 1725 1214 1730 —
1252 1702 1346 1749 Agr.
1383 1713 1413 1739 c.
1454 1703 1618 1740 10-17
1650 1719 1706 1733 -—-
1737 1701 1794 1748 Ig.

221 1760 405 1805 17—19,
442 1759 510 1798 ubi
541 1760 749 1799 Sallustius
787 1761 835 1798 (16
873 1761 951 1799 51111
983 1759 1158 1807 Africae,
1189 1760 1348 1798 Tacitus
1380 1759 1427 1797 de
1458 1760 1535 1797 situ
1564 1757 1795 1796 Britanniae

218 1817 442 1863 loquuntur.
466 1839 517 1844 -
545 1817 637 1864 Agr.
664 1829 695 1856 c.
723 1818 890 1856 31·—33
915 1817 1127 1867 (orationes
1154 1817 1313 1864 Calgaci
1337 1820 1376 1854 et
1400 1814 1619 1864 Agricolae)
1636 1832 1692 1847 =
1711 1816 1794 1853 Cat.

219 1874 385 1912 51—52
405 1873 617 1923 (orationes
637 1874 816 1913 Caesaris
837 1878 876 1913 et
890 1874 1072 1924 Catonis).
1103 1875 1196 1921 Agr.
1217 1885 1247 1912 6,
1263 1874 1429 1912 35-38
1443 1890 1499 1905 =
1513 1873 1596 1911 Cat.
1612 1873 1792 1919 59—60‚

216 1930 285 1968 ubi
315 1931 466 1977 proelia
496 1932 784 1983 describuntur,
814 1943 890 1979 qua
914 1932 1054 1979 proelii
1079 1931 1119 1969 in
1145 1931 1407 1977 descriptione
1431 1930 1590 1968 Tacitus
1617 1929 1792 1968 Sallustii

217 1988 343 2026 locum
373 1988 443 2036 (Ig.
470 1989 562 2035 101,
596 1988 661 2037 11)
690 1989 730 2026 in
761 2000 874 2028 usum
905 2001 1015 2027 suum
1047 1988 1250 2026 convertit.
1283 2009 1335 2015 -—

330 2045 454 2084 Libro
483 2045 530 2083 de
555 2045 765 2084 Germania
788 2046 907 2084 misso
932 2049 1178 2084 transeamus
1203 2046 1254 2083 ad
1277 2044 1478 2090 historias,
1503 2055 1665 2091 quarum
1689 2044 1794 2082 initii

207 2102 426 2149 ,dispositio
457 2114 534 2140 non
565 2102 622 2140 ita
651 2103 812 2141 multum
844 2115 868 2141 a
898 2103 1082 2141 Sallustio
1113 2103 1310 2142 abhorret.
1365 2101 1516 2139 Nomen
1540 2101 1792 2140 historiarum

217 2170 308 2197 num
338 2160 389 2198 ad
414 2159 631 2207 exemplum
656 2159 842 2206 Sallustii,
868 2161 908 2198 id
934 2160 1038 2207 quod
1062 2157 1310 2208 Teuffeliusss)
1333 2158 1468 2205 voluit,
1499 2158 1658 2197 Tacitus
1685 2159 1795 2206 operi

219 2227 290 2255 suo
321 2217 490 2263 dederit,
527 2227 759 2264 quamquam
790 2229 860 2265 per
891 2228 932 2256 se
962 2217 1280 2264 probabilitatem
1311 2215 1482 2263 aliquam
1513 2216 1648 2262 habet,
1686 2220 1793 2256 certo

218 2273 426 2313 diiudicari
457 2285 534 2312 non
565 2276 706 2321 potest,
737 2275 919 2321 quoniam
948 2278 1105 2322 praeter
1137 2273 1363 2311 Sallustium
1388 2272 1432 2311 L.
1463 2284 1617 2320 quoque
1648 2273 1793 2311 Corne-

216 2330 292 2369 lius
323 2330 504 2377 Sisenna,
542 2342 654 2379 quem
685 2332 863 2370 Tacitum
899 2332 1041 2378 legisse
1078 2334 1224 2369 certum
1262 2334 1321 2368 est
1355 2330 1458 2381 (hist.
1487 2330 1561 2376 ΙΠ,
1593 2329 1676 2378 51),
1707 2330 1794 2368 Α51-

218 2388 304 2426 nius
335 2388 461 2427 Pollio
492 2388 574 2438 (cfr.
605 2400 692 2427 ann.
723 2389 790 2435 IV,
823 2388 888 2438 34)
918 2388 1076 2427 Cluvius
1107 2387 1232 2427 Rufus
1262 2387 1363 2437 (ann.
1393 2387 1503 2434 XIII,
1531 2389 1594 2425 20.
1626 2386 1728 2433 XIV,
1757 2389 1794 2424 21

219 2457 338 2492 opera
375 2457 445 2484 sua
481 2445 667 2485 historias
704 2446 1008 2493 appellaverunt.
1041 2468 1093 2473 —
1127 2445 1307 2484 Ceterum
1344 2443 1595 2483 conferantur
1626 2443 1794 2491 disposi-

219 2502 345 2541 tiones
376 2503 578 2550 librorum,
610 2514 772 2550 quarum
803 2504 919 2542 modo
952 2503 1096 2542 similes
1128 2506 1261 2550 partes
1293 2505 1430 2540 contra
1460 2501 1585 2549 posui.
1618 2523 1670 2529 —-

314 2626 338 2667 ¹)
363 2627 421 2660 (·,1“1·.
451 2627 532 2661 x'ell.
558 2626 598 2664 Il,
623 2627 679 2661 36.
717 2627 896 2660 Sallustius
916 2627 949 2659 in
970 2627 1140 2669 principiis
1161 2627 1273 2659 statim
1292 2625 1500 2667 Thucydidis
1519 2626 1687 2657 aemulum
1713 2625 1792 2665 egit,

218 2672 263 2703 ita
289 2677 324 2703 ut
350 2673 543 2714 simpliciter
568 2673 656 2713 quod
683 2672 745 2705 sibi
773 2673 910 2713 elegerit
935 2673 1064 2705 initium
1093 2672 1258 2704 scribendi
1279 2671 1479 2713 significaret
1499 2681 1607 2712 neque
1626 2681 1684 2713 pro
1703 2671 1790 2703 illius

219 2717 289 2749 aevi
322 2727 413 2749 more
444 2718 701 2759 philosophandi
732 2719 844 2752 studio
869 2719 1089 2762 abriperetur,
1122 2718 1155 2750 id
1181 2718 1268 2759 quod
1297 2719 1329 2749 in
1355 2718 1537 2749 minoribus
1563 2717 1635 2749 eius
1660 2716 1791 2758 scriptis

219 2773 282 2795 non
306 2763 351 2795 ita
377 2770 510 2795 cautum
535 2764 698 2797 videmus.

312 2808 339 2847 2)
364 2809 410 2840 [)6
435 2810 512 2842 Tne.
539 2809 595 2842 vit.
622 2814 652 2841 ot
677 2809 791 2842 honor.
819 2820 847 2850 p.
874 2810 917 2840 22
943 2821 993 2850 sq.

314 2855 341 2896 3)
365 2853 614 2897 Uebersetzung
639 2855 697 2887 des
722 2855 800 2888 Tac.
826 2866 856 2896 p.
886 2855 959 2889 131.
