1950 3198
857 176 1107 218 ..6-

198 295 294 332 tudo
324 294 450 332 Plaut.
488 305 548 340 ap.
586 291 690 332 Fest.
726 305 761 341 p.
794 293 865 339 62,
898 294 917 330 1
953 291 1065 330 Varr.
1097 295 1169 330 sat.
1200 291 1302 330 Men.
1334 304 1369 339 p.
1401 292 1466 338 94,
1499 294 1522 330 2
1551 292 1589 341 (5
1620 291 1679 342 R.)
1708 314 1759 321 —-

199 350 398 390 vastitudo
428 351 517 389 Pac.
548 363 581 388 v.
614 351 706 389 314.
748 349 830 389 Att.
855 362 890 388 v.
916 349 1009 388 374.
1035 350 1129 388 455.
1156 350 1249 388 615.
1292 348 1388 388 Cato
1413 361 1443 387 r.
1469 361 1501 388 r.
1528 350 1619 395 141,
1646 351 1682 388 2.
1709 372 1760 378 -

313 409 429 455 Apud
470 407 671 455 prosaicos
713 408 817 446 solos
854 410 959 445 sunt:
1008 406 1192 445 duritudo
1230 405 1338 444 Cato.
1377 418 1432 445 or.
1468 406 1614 445 XVIII.
1651 405 1698 445 fr.
1737 408 1763 446 8

200 466 309 505 Jord.
357 465 476 503 ‘Inter
507 466 658 511 glossas
685 464 933 503 Catonianas’
963 475 1024 511 ap.
1049 462 1152 502 Fest.
1177 475 1213 511 p.
1240 465 1292 502 27
1318 463 1372 502 Μ.
1397 464 1559 511 legimus
1584 465 1765 503 ‘aletudo’

200 522 270 561 cfr.
293 521 455 561 Jordan.
484 522 566 561 Cat.
591 523 673 560 rell.
699 534 734 569 p.
761 522 825 561 48.
852 525 930 559 not.
957 522 994 560 6.
1038 521 1099 559 Ex
1123 521 1282 559 Aurelio
1309 521 1438 568 Opilio
1457 521 1597 560 Festus
1622 533 1658 568 p.
1686 522 1764 560 173

200 580 313 618 affert
348 580 507 619 verbum
539 579 752 618 caecitudo.
798 580 915 626 Apud
946 578 1057 617 Varr.
1088 591 1118 616 r.
1148 590 1182 618 r.
1210 577 1282 625 III,
1317 580 1380 625 12,
1411 580 1435 618 6
1468 581 1597 617 exstat
1620 579 1766 617 ‘celeri-

202 638 319 676 tudo’.
373 636 420 674 In
456 637 679 675 universum
711 637 837 675 Varro
869 647 955 674 cum
985 635 1074 674 aliis
1104 635 1144 674 in
1175 636 1292 675 rebus
1324 639 1474 674 veteres
1505 639 1659 675 secutus
1687 639 1767 674 tum

202 695 242 732 in
277 694 351 732 hac
387 694 721 733 substantivorum
756 694 911 732 in-tudo
949 692 1203 731 formationes
1233 694 1392 732 adamat
1421 694 1526 732 velut
1556 693 1768 732 assuetudo

201 751 422 790 amaritudo
447 751 625 790 raritudo
651 751 884 798 teneritudo,
910 762 1008 798 quae
1032 751 1154 789 verba
1178 750 1275 789 alias
1300 751 1428 789 rarius
1454 750 1565 790 nobis
1591 754 1681 790 sunt
1700 751 1770 790 ob-

202 809 276 847 via.
307 831 359 836 —
393 808 488 847 Cum
523 809 645 855 igitur
681 808 927 847 substantiva
962 807 1117 847 in-tudo
1154 807 1363 846 terminata
1400 808 1529 846 omnia
1559 809 1638 847 sint
1667 808 1772 847 circa

203 870 356 905 centum
389 870 426 905 et
458 867 639 913 quinque,
670 878 762 914 pars
792 866 910 904 tertia
939 877 1073 904 eorum
1102 865 1183 915 (34)
1211 868 1383 904 veterum
1414 869 1482 904 aut
1512 866 1674 914 propria
1703 870 1772 904 aut

202 924 251 962 iis
289 935 374 962 cum
410 924 643 970 antiquariis
679 924 741 962 vel
783 923 943 962 serioris
980 923 1121 962 aetatis
1159 923 1418 970 scriptoribus
1457 924 1670 962 communis
1701 927 1771 962 est.

203 980 442 1028 Agnoscitur
478 981 538 1019 his
577 992 730 1029 quoque
766 981 807 1019 in
843 980 1176 1020 substantivorum
1213 979 1531 1028 formationibus,
1567 985 1611 1019 ut
1641 980 1772 1020 multis

202 1038 289 1077 aliis
325 1038 366 1076 in
402 1039 537 1086 rebus,
573 1039 715 1077 veteris
752 1038 1065 1086 senescentisque
1094 1038 1323 1077 Latinitatis
1359 1049 1582 1077 consensus.
1618 1060 1670 1066 —
1708 1038 1773 1076 In-

203 1099 317 1134 eunte
348 1099 475 1134 aetate
505 1108 634 1143 aurea,
666 1107 765 1143 quae
794 1099 967 1143 vocatur,
998 1095 1170 1134 studium
1199 1107 1447 1143 amoremque
1477 1096 1667 1134 eiusmodi
1693 1095 1774 1134 for·

204 1153 418 1192 mationum
443 1154 566 1200 magis
591 1154 794 1201 magisque
818 1165 1048 1195 evanescere
1071 1153 1258 1200 videmus,
1289 1164 1520 1200 quamquam
1545 1153 1774 1192 Cornificius

204 1212 375 1250 nondum
400 1211 449 1249 ab
474 1211 523 1249 iis
554 1212 759 1257 abhorret;
797 1211 959 1258 legimus
992 1211 1093 1249 enim
1124 1211 1227 1258 apud
1253 1222 1338 1249 eum
1364 1211 1638 1249 Terentianum
1661 1210 1774 1262 (Eun.

207 1268 302 1317 242)
326 1268 422 1306 illud
446 1269 660 1307 ‘habitudo'
689 1268 755 1315 IV,
783 1270 848 1315 10,
875 1270 938 1316 15,
965 1269 1068 1316 quod
1093 1269 1252 1307 verbum
1278 1272 1415 1315 postea
1433 1268 1600 1316 Apuleio
1625 1269 1665 1306 in
1685 1281 1774 1316 gra-

206 1326 262 1364 tia
298 1328 372 1371 est;
410 1326 510 1364 adde
540 1325 773 1373 ‚suavitudo’
802 1325 879 1373 III,
907 1327 978 1373 12,
1004 1327 1074 1373 22,
1104 1338 1180 1364 vox
1210 1326 1341 1373 prisca
1371 1326 1476 1373 apud
1505 1326 1631 1364 Plaut.
1663 1326 1775 1365 stich.

209 1383 287 1422 755
326 1385 364 1421 et
393 1394 455 1430 ap.
486 1383 585 1422 Non.
619 1384 716 1430 173,
748 1385 783 1423 3.
815 1383 963 1431 Turpil.
996 1385 1077 1422 110
1108 1383 1220 1422 nobis
1252 1383 1378 1422 obvia.
1438 1383 1592 1422 Primus
1621 1384 1776 1422 videtur

144 1481 148 1486 ,
206 1441 351 1479 habere
385 1441 545 1479 verbum
577 1441 778 1488 plenitudo
808 1441 875 1488 IV,
908 1442 972 1488 20,
999 1442 1051 1480 28
1083 1440 1177 1491 (Col.
1209 1441 1246 1487 4,
1279 1442 1343 1488 30,
1373 1442 1410 1478 4.
1459 1441 1557 1479 Plin.
1589 1453 1623 1480 n.
1648 1441 1684 1479 h.
1712 1443 1776 1487 11,

208 1497 313 1547 216).
347 1520 396 1524 —-
430 1498 488 1536 Ne
519 1498 655 1537 Cicero
694 1498 848 1545 quidem
885 1499 925 1537 in
956 1498 1155 1546 prioribus
1186 1498 1297 1537 libris
1329 1498 1574 1537 substantiva
1609 1499 1776 1537 in—tudo

207 1555 377 1594 format-a
412 1556 575 1603 respuit.
634 1556 680 1594 In
716 1556 830 1594 libris
861 1556 963 1594 enim
994 1557 1042 1594 de
1072 1555 1295 1594 inventione
1323 1555 1484 1594 adhibet
1513 1568 1547 1594 v.
1578 1556 1778 1594 concinni-

207 1613 303 1651 tudo
332 1612 377 1662 (I,
404 1613 468 1660 18,
494 1612 570 1663 25),
601 1614 668 1652 sed
700 1617 837 1661 postea
866 1625 944 1651 non
974 1613 1091 1651 aliam
1116 1613 1227 1651 verbi
1250 1613 1523 1652 formationem
1554 1613 1672 1652 habet
1702 1614 1778 1652 nisi

209 1669 463 1709 concinnitas.
511 1670 614 1709 Satis
646 1682 762 1718 saepe
792 1671 853 1710 his
884 1671 924 1709 in
955 1670 1066 1709 libris
1095 1671 1215 1709 verbo
1246 1671 1489 1709 necessitudo
1520 1671 1664 1710 subicit
1693 1682 1778 1709 eam

208 1727 301 1774 vim,
340 1739 454 1775 quam
490 1729 650 1767 verbum
686 1728 897 1768 necessitas
933 1729 1079 1767 habere
1115 1729 1229 1774 solet,
1266 1732 1404 1776 postea
1443 1739 1642 1775 nusquam.
1700 1729 1778 1767 Pro

209 1786 329 1824 verbo
360 1785 501 1823 lenitas
532 1785 643 1833 ponit
673 1786 869 1825 ‘lenitudo’
900 1786 940 1823 in
972 1785 1082 1825 Verr.
1111 1786 1150 1832 4,
1185 1786 1277 1825 136.
1330 1786 1465 1832 Neque
1495 1785 1536 1824 in
1565 1798 1638 1824 usu
1669 1786 1779 1824 verbi

209 1842 407 1881 firmitudo
444 1854 675 1890 progressus
707 1844 898 1882 orationis
930 1843 1208 1882 Ciceronianae
1239 1855 1316 1882 non
1347 1844 1534 1889 cernitur;
1566 1855 1652 1881 cum
1677 1843 1779 1881 enim

211 1900 410 1947 prioribus
442 1900 481 1937 in
513 1901 757 1939 orationibus
787 1899 1009 1939 ‘firmitudo'
1040 1901 1194 1947 saepius
1219 1901 1449 1948 reperiatur,
1479 1901 1521 1938 in
1550 1901 1780 1947 posteriori-

212 1958 284 1995 bus
315 1957 356 1996 id
388 1957 664 1997 desideramus.
698 1983 749 1988 —
781 1959 815 1996 E
845 1958 974 1997 verbis
1005 1958 1144 2005 priscis
1176 1958 1312 1996 Cicero
1343 1958 1541 1996 revocavit
1571 1971 1604 1996 v.
1637 1959 1780 1996 sancti-

213 2015 308 2053 tudo
337 2014 399 2064 (de
429 2026 509 2062 rep.
539 2016 576 2062 4,
602 2015 651 2065 8),
683 2017 786 2062 quod
818 2019 948 2054 exstat
976 2018 1181 2062 praeterea
1210 2026 1272 2063 ap.
1302 2016 1383 2054 Att.
1414 2019 1463 2054 tr.
1493 2028 1527 2054 v.
1560 2016 1653 2054 593.
1686 2017 1780 2055 646.

214 2072 334 2120 Turp.
366 2083 463 2110 com.
494 2084 528 2110 v.
561 2074 653 2111 114.
697 2072 833 2111 Afran.
865 2084 962 2112 com.
993 2084 1026 2111 v.
1059 2074 1152 2112 326.
1203 2072 1257 2110 Cl.
1289 2073 1474 2120 Quadrig.
1501 2073 1590 2111 hist.
1615 2073 1661 2111 fr.
1689 2075 1712 2111 2
1737 2073 1780 2111 P.

213 2129 374 2168 Fronto.
412 2130 455 2177 4,
492 2130 529 2169 8.
582 2129 697 2177 Apul.
735 2131 782 2168 de
819 2132 889 2169 deo
927 2120 1034 2169 Socr.
1071 2132 1094 2169 3
1127 2152 1179 2157 —
1213 2134 1252 2168 et
1287 2130 1500 2177 ,anxitudo'
1533 2130 1594 2180 (de
1630 2142 1710 2178 rep.
1743 2132 1780 2177 2,

215 2187 297 2236 68),
347 2188 450 2234 quod
492 2188 653 2226 verbum
695 2189 799 2235 apud
841 2187 1072 2235 posterioris
1115 2187 1302 2235 temporis
1346 2187 1558 2235 scriptores
1600 2188 1700 2226 abiit
1739 2188 1779 2226 in

214 2243 379 2282 formam
416 2244 661 2283 ‘anxietud0'.
719 2245 849 2284 Pauca
885 2245 1130 2284 substantiva
1159 2245 1315 2284 in·tud0
1354 2245 1584 2292 desinentia,
1629 2256 1727 2292 quae
1757 2257 1781 2283 a

215 2301 403 2340 Cicerone
433 2302 473 2339 in
503 2302 675 2349 linguam
706 2303 865 2341 inducta
897 2306 987 2341 sunt
1017 2325 1069 2330 -
1101 2306 1258 2350 praeter
1282 2302 1548 2341 ‘concinnitas'
1572 2303 1647 2340 huc
1671 2314 1779 2350 spec-

214 2362 300 2397 tant
334 2359 454 2397 verba
486 2360 687 2398 dulcitudo
720 2361 767 2399 de
799 2372 854 2399 or.
885 2361 927 2406 3,
960 2361 1011 2398 99
1045 2360 1237 2398 lentitudo
1268 2361 1381 2398 Tusc.
1412 2361 1450 2406 4,
1483 2361 1546 2405 19,
1578 2360 1630 2398 43
1658 2360 1780 2398 beati·

215 2417 310 2454 tudo
348 2417 395 2454 de
426 2421 503 2455 nat.
542 2418 647 2455 deor.
687 2419 721 2464 1,
753 2418 806 2456 34
839 2439 890 2445 —
923 2417 955 2456 si
994 2417 1290 2465 opposuerimus
1333 2416 1480 2455 multis
1506 2417 1546 2454 in
1583 2420 1663 2456 -tas
1699 2417 1779 2456 for-

216 2474 348 2520 matis,
379 2485 477 2521 quae
508 2475 613 2522 apud
643 2486 728 2513 eum
760 2475 927 2522 primum
963 2475 1211 2513 inveniuntur
1247 2486 1370 2521 neque
1406 2475 1504 2512 alias
1540 2475 1677 2513 crebro
1715 2487 1780 2513 ex—

215 2535 310 2577 tant,
343 2532 446 2570 velut
475 2531 679 2570 aduncitas
710 2532 880 2570 efferitas
906 2533 1109 2570 excelsitas
1135 2532 1343 2571 ebriositas
1367 2531 1530 2570 fatuitas
1555 2531 1781 2571 formositas

216 2593 254 2627 et
284 2588 362 2626 alia
392 2589 523 2635 multa,
554 2588 667 2627 facile
698 2601 974 2636 cognoscemus
1006 2594 1149 2636 quanto
1183 2601 1299 2637 opere
1327 2590 1514 2636 paulatim
1545 2590 1584 2627 in
1610 2593 1780 2628 contem-

218 2649 325 2693 ptum
355 2646 574 2685 inciderint.
629 2647 725 2685 Inde
755 2659 778 2684 a
804 2646 990 2685 Cicerone
1021 2659 1142 2694 usque
1172 2647 1223 2685 ad
1248 2647 1490 2694 antiquarios
1517 2658 1630 2693 quam
1655 2658 1782 2694 pauca

218 2715 318 2741 nova
349 2704 694 2750 deprehendamus,
725 2705 862 2742 mirum
895 2709 965 2743 est.
1012 2704 1143 2751 Nepos
1174 2704 1330 2742 induxit
1358 2704 1579 2750 ‘largitudo’
1608 2702 1655 2742 fr.
1683 2707 1717 2750 7,
1744 2706 1781 2742 2.

219 2759 286 2798 cfr.
319 2760 432 2798 Char.
464 2773 498 2808 p.
533 2763 625 2807 101,
659 2763 694 2799 2.
726 2762 935 2809 ‘largitudo
967 2773 1155 2808 nusquam
1188 2761 1381 2799 invenitur
1412 2761 1487 2799 nisi
1517 2762 1622 2808 apud
1653 2761 1781 2808 Nepo-

218 2818 318 2856 tem!
366 2817 500 2855 Livius
532 2819 678 2865 primus
710 2819 828 2857 habet
859 2819 1057 2858 servitudo
1081 2818 1161 2867 (24,
1186 2820 1250 2865 22,
1279 2817 1314 2867 1)
1345 2842 1395 2846 —
1430 2825 1468 2857 et
1493 2819 1707 2857 desuetudo
1730 2817 1781 2868 (1,

223 2877 285 2919 19,
313 2878 359 2924 2),
392 2875 535 2913 Seneca
566 2875 821 2924 philosophus
852 2876 1094 2923 ingratitudo
1126 2876 1350 2923 spissitudo,
1382 2875 1550 2915 Velleius
1581 2875 1781 2922 celsitudo,
