1950 3198
850 158 1130 202 ...55-

475 310 485 314 “
532 310 596 362 l).
643 300 713 354 De
741 307 992 354 hominum
1023 308 1441 365 descriptionibus.

323 407 381 445 Ac
415 407 582 454 primum
603 405 757 444 ‘Sabina
785 404 986 452 Poppaea,
1024 404 1134 443 cuius
1164 405 1362 453 ingenium
1393 404 1551 443 Tacitus
1583 404 1623 442 in
1653 416 1776 442 anna-

209 464 303 502 lium
338 464 430 502 libri
459 463 567 502 tertii
597 462 736 502 decimi
766 462 893 510 capite
917 462 971 501 45
1004 462 1203 510 describit,
1234 463 1270 501 ei
1301 462 1413 510 quasi
1443 463 1567 501 altera
1598 462 1777 510 Sempro-

210 521 277 560 nia
304 521 400 574 (Cat.
427 520 494 572 25)
521 523 612 560 ante
642 521 774 560 oculos
802 523 960 560 versata
990 532 1075 559 esse
1104 520 1270 561 videtur.

537 620 626 657 Sall.
1357 619 1442 656 Tac.

209 678 281 714 Sed
304 677 342 714 in
365 678 416 714 eis
441 681 520 714 erat
537 677 759 722 Sempronia.
778 697 822 702 —
839 677 874 711 H
882 688 955 713 aec
1026 678 1119 713 Erat
1141 678 1179 713 in
1203 677 1349 714 civitate
1375 678 1510 714 Sabina
1534 677 1711 722 Poppaea.
1735 698 1777 702 —-

254 724 412 760 mulier
451 734 609 771 genere
653 728 763 768 atque
799 722 954 764 forma,
1071 724 1180 760 Huic
1199 725 1374 759 mulieri
1393 729 1555 759 cuncta
1574 723 1664 758 alia
1677 722 1779 758 fuere

254 774 446 815 praeterea
473 770 550 806 viro
580 769 701 805 liberis
726 769 816 805 satis
840 768 954 804 101111-
1072 775 1251 815 praeter
1300 770 1535 806 honestum
1582 768 1779 804 animum.

255 820 344 852 nata
366 816 452 856 fuit;
470 836 514 841 -—
533 815 597 851 sed
615 816 647 851 ei
671 814 845 850 cariora
863 826 954 851 sem·
1074 817 1213 862 Quippe
1238 821 1356 851 mater
1380 816 1456 852 eius
1475 836 1519 841 -
1538 815 1690 860 gloriam
1714 825 1779 860 pa-

253 872 321 907 per
355 863 494 897 omnia
529 872 639 907 quam
677 861 808 897 decus
844 866 954 906 atque
1072 863 1162 898 riter
1198 866 1234 897 et
1270 862 1453 897 formam
1489 861 1655 905 dederat;
1692 871 1780 906 opes

252 907 472 954 pudicitia
501 907 585 944 fuit:
615 907 791 952 pecuniae
818 917 867 942 an
890 907 953 942 fa·
1075 908 1284 944 claritudini
1321 907 1494 954 generis
1537 907 1778 952 sufficiebant.

253 964 345 989 mae
363 954 480 989 minus
498 957 719 999 parceret,
738 953 837 988 haud
850 953 956 989 facile
1074 954 1216 989 Sermo
1259 954 1390 990 comis
1436 964 1503 989 nec
1540 953 1778 990 absurdum

253 999 639 1036 discerneresrlubido
663 1000 714 1036 310
737 1009 891 1036 accensa
914 1003 955 1035 ut
1072 1000 1346 1044 ingenium¹):
1384 1000 1642 1036 modestiam
1671 1009 1775 1044 prac-

253 1047 397 1091 saepius
426 1049 568 1091 peteret
597 1046 691 1082 viros
722 1055 831 1090 quam
854 1049 955 1091 pete-

252 1096 364 1134 retur.
383 1113 425 1117 —
445 1093 602 1127 Verum
619 1091 842 1136 ingenium
859 1093 954 1128 eius

253 1137 367 1173 haud
396 1137 647 1174 absurdum:
676 1148 804 1182 posse
828 1148 954 1174 versus

250 1183 370 1221 facere
403 1183 522 1220 iocum
557 1194 714 1223 movere,
757 1195 954 1220 sermone

254 1232 317 1265 uti
354 1229 643 1284 vel-modesto
679 1230 735 1266 vel
770 1229 870 1266 molli
898 1231 954 1266 vel

253 1285 443 1322 procacn

1074 1047 1171 1082 ferre
1195 1052 1232 1081 et
1256 1045 1443 1082 lascivia
1462 1046 1535 1082 uti.
1555 1066 1599 1072 —
1618 1047 1778 1081 Famae

1074 1103 1259 1136 nunquam
1306 1093 1508 1137 pepercit
1556 1093 1706 1127 maritos
1742 1094 1778 1126 et

1073 1138 1259 1174 adulteros
1283 1149 1356 1174 non
1381 1137 1615 1183 distinguens.

321 1371 473 1410 Deinde
502 1371 636 1411 confer
666 1371 967 1420 descriptionem
998 1372 1190 1411 Catilinae
1220 1374 1325 1420 apud
1356 1372 1581 1410 Sallustium
1611 1371 1707 1423 (Cat.
1741 1372 1779 1421 5)

209 1441 295 1467 cum
326 1429 467 1468 Seiano
497 1430 602 1477 apud
631 1429 811 1468 Tacitum
840 1429 941 1480 (ann.
971 1429 1038 1477 IV,
1072 1430 1119 1479 1).
1151 1451 1204 1457 --

209 1516 287 1552 Cat.
307 1518 340 1557 5,
364 1519 396 1552 3.
433 1518 573 1563 Corpus
591 1518 734 1562 patiens
751 1517 892 1553 inediae
905 1518 956 1553 al-

254 1562 350 1608 goris
367 1563 521 1608 vigiliae,
546 1564 686 1599 animus
705 1563 834 1603 audax,
853 1565 955 1600 cuius

254 1610 307 1644 rei
337 1609 437 1644 lubet
467 1610 656 1645 simulator
684 1620 727 1645 ac
758 1609 956 1646 dissimula-

1027 1518 1168 1562 Corpus
1186 1518 1238 1552 illi
1258 1518 1423 1553 laborum
1442 1518 1613 1557 tolerans,
1639 1516 1779 1553 animus

1072 1563 1202 1602 audax,
1233 1564 1289 1600 sui
1314 1564 1503 1608 obtegens,
1535 1563 1572 1598 in
1596 1562 1687 1599 alios
1711 1563 1779 1598 cri-

1071 1610 1242 1645 minator:
1272 1610 1376 1644 iuxta
1406 1609 1568 1644 adulatio
1594 1614 1630 1644 ct
1655 1620 1780 1654 supcr-

257 1659 325 1691 tor.
347 1675 383 1681 -
408 1655 543 1691 Vastus
561 1656 703 1691 animus
719 1655 956 1692 immoderata

255 1700 481 1737 incredibilia
504 1702 608 1738 nimis
631 1702 707 1737 alta
731 1712 872 1747 semper
895 1713 956 1738 cu-

255 1747 389 1792 piebat.
414 1767 458 1772 —
481 1747 586 1782 Hunc
621 1747 744 1782 lubido
775 1749 957 1783 invaserat

255 1793 309 1828 rei
343 1792 510 1838 publicae
545 1794 747 1838 capiundae
775 1804 891 1839 neque
921 1794 958 1830 id

258 1839 389 1884 quibus
417 1839 533 1876 modis
562 1845 835 1884 assequeretur,
865 1840 959 1875 dum

259 1885 341 1920 sibi
358 1894 536 1930 regnum
549 1889 745 1931 pararet,
766 1886 959 1932 quicquam

255 1931 358 1976 pensi
381 1930 548 1968 habebat.

1073 1656 1148 1691 bia:
1179 1656 1299 1701 palam
1329 1656 1550 1700 compositus
1574 1655 1703 1699 pudor,
1727 1656 1780 1690 in-

1073 1707 1132 1737 tus
1149 1711 1289 1737 summa
1308 1701 1493 1747 apiscendi
1506 1701 1617 1736 libido
1631 1701 1779 1746 eiusque

1073 1757 1184 1784 causa
1208 1747 1314 1782 modo
1339 1747 1484 1792 largitio
1509 1753 1547 1782 et
1572 1748 1678 1783 luxus
1704 1758 1780 1783 sae-

1072 1795 1154 1839 pius
1180 1793 1357 1829 industria
1381 1804 1423 1829 ac
1448 1793 1650 1838 vigilantia,
1683 1794 1780 1828 haud

1072 1840 1191 1875 minus
1217 1840 1356 1879 noxiae,
1384 1840 1596 1885 quotiens
1621 1849 1781 1884 paran-

1075 1885 1125 1921 do
1149 1896 1285 1931 regno
1311 1885 1558 1930 finguntur.

324 2015 531 2054 Contraria
561 2015 753 2055 Catilinae
782 2017 911 2064 imago
942 2020 1001 2055 est
1031 2016 1189 2056 Servius
1220 2016 1357 2055 Galba.

211 2103 288 2140 Cat.
319 2107 352 2144 5,
382 2106 403 2140 4
439 2104 545 2140 alieni
580 2105 758 2151 adpetens
788 2106 844 2142 sui
873 2116 956 2150 pro-

1027 2105 1109 2141 hist.
1136 2105 1163 2144 1,
1188 2107 1233 2141 49
1256 2104 1433 2150 pecuniae
1456 2105 1597 2141 alienae
1621 2115 1694 2140 non
1714 2103 1779 2139 ad-

257 2150 370 2186 fusus.
380 2153 406 2193 Β)

1075 2154 1213 2196 petens,
1239 2161 1325 2187 suae
1349 2161 1491 2196 parcus.

324 2235 523 2275 Tiberium
554 2236 655 2283 quia,
686 2248 772 2274 cum
802 2239 933 2275 vetere
963 2239 1119 2274 senatus
1150 2236 1326 2274 consulto
1359 2237 1407 2274 de
1437 2236 1559 2274 servis
1590 2236 1629 2273 in
1656 2235 1778 2273 domi-

213 2294 513 2339 numrquaestio
549 2294 671 2332 vetita
703 2297 821 2340 esset,
862 2294 987 2332 actori
1025 2292 1183 2340 publico
1220 2305 1286 2330 eos
1318 2293 1534 2340 mancipari
1565 2293 1695 2339 iussit,
1738 2295 1780 2329 ut

213 2348 461 2390 nihilominus
490 2354 609 2390 testes
633 2356 773 2399 essent,
803 2354 917 2390 vocat
940 2351 1100 2389 Tacitus
1129 2350 1321 2389 ‘callidum
1348 2354 1387 2389 et
1411 2351 1501 2388 novi
1526 2350 1623 2388 iuris
1648 2362 1780 2397 reper-

214 2408 349 2446 torem’
370 2406 470 2457 (ann.
496 2408 546 2455 H,
573 2409 649 2457 30).
679 2410 795 2457 Apud
814 2409 1039 2447 Sallustium
1059 2409 1099 2446 in
1116 2420 1160 2446 re
1179 2408 1376 2446 simillima
1395 2407 1562 2446 Romani
1581 2420 1605 2446 a
1623 2408 1781 2446 Mithri-

216 2463 304 2502 date
331 2469 520 2504 vocantur
548 2467 691 2506 ‘callidi
721 2478 767 2505 ac
797 2470 1016 2516 repertores
1047 2466 1246 2514 perfidiae’
1272 2465 1375 2515 (hist.
1403 2466 1468 2512 IV,
1493 2467 1542 2505 61
1571 2464 1650 2515 [19]
1676 2466 1723 2514 7).

218 2600 276 2638 1V,
299 2598 353 2633 58.
378 2618 421 2624 —
447 2600 515 2636 Cat.
534 2602 589 2640 31,
608 2604 629 2637 7
654 2604 800 2636 demisso
825 2605 915 2636 voltu
942 2613 1023 2635 voce
1048 2604 1202 2644 supplici.
1238 2603 1316 2635 Tam
1342 2602 1419 2635 hist.
1447 2602 1469 2638 1,
1496 2601 1538 2634 45
1564 2612 1645 2633 voce
1671 2602 1780 2633 vultu-

219 2656 291 2686 que.
318 2646 372 2683 111,
396 2645 441 2680 58
465 2649 555 2681 vultu
581 2660 662 2682 voce
687 2650 842 2682 lacrimis.
878 2660 951 2682 min.
973 2649 1028 2686 111,
1052 2649 1107 2682 67.
1144 2648 1219 2687 XV,
1236 2647 1290 2681 55.
1328 2648 1421 2685 XVI,
1438 2648 1492 2680 29.
1531 2647 1578 2687 lg.
1602 2646 1654 2683 14,
1674 2646 1694 2678 5
1714 2657 1779 2687 quo

218 2697 364 2734 tempore
388 2694 495 2733 magis
520 2694 601 2727 fides
625 2696 696 2728 eius
720 2706 820 2737 quam
846 2696 977 2728 fortuna
1001 2695 1148 2736 petunda
1173 2700 1250 2727 erut.
1292 2695 1369 2726 Tac.
1390 2694 1466 2725 hist.
1493 2693 1550 2735 lv,
1576 2693 1620 2725 28
1645 2694 1780 2725 meliore

220 2738 270 2769 usi
303 2737 368 2770 fide
398 2749 495 2780 quam
526 2740 664 2775 fortuna.
713 2742 761 2783 lg.
786 2742 841 2779 31,
867 2743 911 2776 10
939 2742 1125 2774 sacerdotia
1154 2747 1186 2773 et
1218 2742 1408 2772 consulatus
1439 2745 1652 2772 ostentantes.
1701 2740 1778 2772 Tac.

218 2783 294 2817 hist.
320 2783 344 2821 1,
369 2783 390 2816 2
413 2786 596 2818 sacerdotia
619 2793 651 2820 et
675 2789 867 2821 consulatus
892 2793 928 2820 ut
952 2788 1058 2829 spolia
1083 2788 1203 2829 adepti.

311 2829 338 2870 ¹)
361 2829 419 2861 cfr.
444 2831 520 2864 hist.
548 2832 600 2866 111.
625 2833 670 2868 62
695 2835 814 2867 Fabius
842 2835 964 2866 Valens
991 2844 1114 2875 procax
1140 2834 1287 2866 moribus
1311 2843 1419 2874 neque
1444 2832 1609 2865 absurdus
1635 2831 1778 2871 ingenie.

311 2874 337 2918 Β)
361 2876 447 2909 adde
471 2876 538 2911 Cat.
567 2878 618 2918 12,
642 2879 674 2912 2.
716 2882 792 2914 Tac.
818 2881 926 2914 Germ.
952 2879 1004 2912 31.
1051 2880 1130 2911 [li-¹21.
1154 2879 1208 2912 29.
