1950 3198
842 160 1090 203 ..5-

188 280 382 318 universis
413 280 496 318 eius
528 278 742 325 sententiis,
773 289 868 326 quas
900 278 1064 326 protulit
1094 278 1134 316 in
1159 273 1551 318 commentationibus
1576 279 1757 327 laudatis,

188 338 433 376 adversantis
463 341 594 385 partes
626 336 806 384 suscepit,
837 336 938 374 hanc
969 347 1122 383 quoque
1153 336 1384 375 sententiam
1415 336 1671 387 impugnavit,
1700 337 1758 376 ita

187 398 316 434 tamen
359 399 402 434 ut
442 399 632 443 appareat
674 406 750 432 11011
791 397 896 432 recte
938 405 1024 432 eum
1066 394 1319 440 intellexisse,
1364 394 1456 441 quid
1492 394 1757 433 Woelfflinius

189 453 362 492 dixisset.
411 453 569 500 „Wenn,
601 452 737 499 iuquit,
766 451 940 490 Wolfflin
971 452 1066 490 iiber
1098 452 1162 490 die
1191 452 1438 490 substantiva
1467 451 1537 490 auf
1564 454 1646 489 -tas
1678 454 1757 492 und

187 511 301 550 -tudo
345 514 447 558 sagt,
486 512 577 549 dass
615 510 677 548 die
713 510 874 548 let-ztere
903 508 1022 548 Form
1059 509 1122 548 die
1157 509 1462 557 „vorzugsweise
1492 509 1757 548 Plautinische

187 569 227 606 in
253 569 322 607 der
345 568 712 606 Ciceronianischen
735 566 930 605 Latinitat
954 566 1099 606 bereits
1125 566 1188 605 fur
1213 567 1311 606 viele
1322 567 1462 606 Worte
1486 568 1756 614 abgedankte“

187 626 254 673 sei,
284 638 327 664 so
358 626 410 664 ist
441 626 523 665 dies
554 625 662 664 nicht
691 635 790 671 ganz
814 625 968 672 richtig.
1016 625 1125 663 Zwar
1150 625 1219 663 hat
1243 625 1306 664 die
1330 624 1524 664 Komcdie
1550 625 1616 664 des
1642 626 1758 663 Plau-

186 687 250 721 tus
282 705 332 711 -—
365 684 482 722 sowie
510 683 610 722 nach
642 684 715 722 den
737 682 891 721 Citaten
922 694 970 720 zu
1001 683 1194 721 urtheilen
1226 683 1289 721 die
1310 678 1510 730 'Tragodie
1541 683 1608 721 des
1633 683 1757 721 Pacu-

185 741 272 779 vius
309 742 387 779 und
417 742 558 780 Accius
590 762 641 768 —
675 742 773 778 etwa
810 740 873 778 ein
903 740 1082 779 Dutzend
1118 752 1194 779 von
1225 741 1501 780 Substantiven
1538 740 1608 778 auf
1642 742 1757 779 -tudo

186 798 308 846 eigen,
339 799 481 838 welche
511 799 593 837 sich
624 801 734 836 sonst
763 797 871 836 nicht
899 797 1039 845 finden,
1071 799 1245 846 dagegen
1275 799 1446 846 gehoren
1476 801 1575 836 etwa
1599 800 1759 846 doppelt

186 868 230 894 so
267 857 366 895 viele
407 856 484 895 fast
520 855 832 895 ausschliesslich
876 857 944 894 der
979 856 1104 894 Prosa
1138 868 1189 894 an
1224 868 1301 895 von
1336 856 1499 895 Porcius
1536 855 1632 894 Cato
1670 857 1758 895 weit

187 914 282 952 uber
306 913 454 952 Plinius
485 914 635 961 hinaus,
666 914 746 952 und
772 913 907 952 Cicero
939 913 1026 952 tritt
1056 914 1155 951 auch
1186 914 1271 952 hier
1301 915 1359 952 als
1384 914 1654 953 Wortbildner
1678 916 1757 953 und

186 972 406 1010 Erneuerer
441 971 512 1010 auf
551 972 622 1010 mit
657 971 876 1019 beatitudo,
914 971 1202 1018 concinnitudo,
1239 972 1431 1011 lentitudo
1462 984 1499 1014 u.
1531 983 1564 1009 a.
1596 984 1643 1009 m.
1704 972 1757 1010 Es

185 1029 288 1067 kann
319 1029 458 1068 mithin
489 1030 596 1068 nicht
627 1041 702 1068 von
727 1030 832 1068 einer
862 1029 1098 1077 Abneigung
1128 1030 1196 1068 des
1227 1030 1481 1078 prosaischen
1511 1029 1603 1067 Stils
1635 1040 1758 1076 gegeu

186 1087 250 1125 die
285 1087 406 1125 voller
440 1088 608 1127 tenende
643 1084 761 1126 F0r1'n
798 1087 861 1125 die
897 1086 1004 1125 Rede
1040 1087 1156 1126 sein.“
1209 1087 1330 1135 Quasi
1365 1099 1456 1126 vero
1493 1086 1758 1126 Woelfflinius

185 1145 403 1192 pedestrem
434 1157 648 1184 sermonem
680 1148 718 1184 et
748 1145 942 1192 poeticum
974 1145 1076 1183 inter
1108 1157 1192 1183 sese
1222 1146 1467 1193 opposuerit,
1500 1157 1577 1183 non
1609 1148 1758 1184 veteres

186 1206 225 1240 et
255 1214 396 1241 aureae
425 1204 567 1242 aetatis
598 1203 827 1250 scriptores:
863 1215 910 1241 ex
941 1202 1018 1241 illis
1049 1202 1226 1241 nominat
1254 1203 1446 1250 Plautum,
1477 1215 1524 1242 ex
1555 1202 1614 1241 his
1646 1202 1759 1241 Cice-
1805 1197 1814 1207 '

186 1272 336 1307 renem,
373 1262 476 1300 unde
505 1260 564 1308 fit,
606 1264 650 1299 ut
678 1260 828 1300 Wolffii
858 1260 1045 1299 refutatio
1076 1272 1238 1308 prorsus
1269 1263 1438 1299 corruat.
1486 1261 1758 1299 Discernemus

186 1317 307 1364 igitur
336 1330 448 1356 usum
479 1323 651 1358 veterum
681 1322 720 1357 et
749 1318 1060 1365 antiquariorum
1089 1317 1237 1369 (Front.
1263 1319 1359 1358 Gell.
1383 1318 1511 1368 Apul.)
1541 1319 1590 1356 ab
1616 1330 1760 1357 aureae

187 1379 473 1423 argenteaeque
513 1377 654 1415 aetatis
697 1376 955 1424 scriptoribus
998 1387 1121 1423 neque
1162 1376 1287 1424 ipsius
1324 1376 1522 1415 Ciceronis
1559 1376 1599 1413 iu
1635 1376 1760 1427 libris,
1839 1369 1843 1373 ’

187 1438 264 1480 'quo
307 1445 496 1482 quemque
537 1437 712 1482 tempore
753 1433 1030 1481 composuerit,
1074 1435 1330 1482 neglegemus.
1369 1457 1420 1462 -
1458 1432 1494 1483 a)
1524 1434 1759 1472 Comoediae
1829 1459 1832 1463 -

188 1491 330 1530 veteris
361 1492 605 1531 substantiva
633 1492 674 1530 in
698 1493 812 1531 —tudo
844 1491 1061 1530 desinentia
1090 1492 1254 1540 propria
1284 1495 1372 1530 sunt
1396 1492 1508 1530 haec:
1541 1492 1757 1530 sorditudo.

191 1549 315 1587 Plaut.
336 1549 453 1588 Poen.
473 1551 567 1588 824.
584 1550 786 1588 tarditudo
805 1549 922 1587 Poen.
942 1550 1036 1587 401.
1056 1549 1276 1597 ineptitudo
1297 1549 1434 1588 Caecil.
1450 1561 1546 1588 com.
1562 1549 1607 1587 fr.
1623 1550 1688 1588 61.
1705 1570 1756 1577 —

192 1606 229 1656 b)
252 1607 367 1654 Apud
393 1607 562 1654 tragicos
588 1608 691 1646 solos
715 1607 980 1646 inveniuntur:
1006 1607 1201 1646 castitudo
1226 1607 1307 1646 Att.
1326 1610 1373 1646 tr.
1394 1607 1440 1647 fr.
1460 1620 1493 1646 ν.
1512 1608 1606 1646 585.
1626 1608 1757 1645 (leser-

187 1664 315 1702 titudo
347 1664 434 1703 Pac.
470 1665 543 1703 inc.
575 1665 638 1703 inc
679 1665 756 1704 fab.
788 1664 933 1703 LXIII.
964 1665 1204 1711 geminitudo
1239 1665 1328 1704 Pac.
1359 1678 1392 1704 ν.
1425 1667 1489 1705 61.
1521 1664 1756 1712 gracilitudo

188 1721 267 1760 Att.
299 1734 333 1761 ν.
362 1723 428 1762 88.
465 1723 715 1762 honestitudo
751 1722 833 1760 Att.
869 1735 902 1761 v.
941 1723 1005 1762 16.
1037 1723 1117 1762 501
1157 1723 1346 1762 laetitudo
1383 1723 1463 1762 Att.
1500 1735 1533 1761 ν.
1565 1724 1630 1761 61.
1663 1723 1756 1762 259.

189 1779 417 1818 miseritudo
453 1781 533 1819 Att.
570 1793 604 1824 v.
637 1783 700 1819 79.
735 1782 825 1819 185.
860 1782 951 1819 187.
987 1780 1176 1819 noxitudo
1209 1780 1288 1819 Att.
1320 1793 1352 1819 ν.
1384 1781 1478 1819 429.
1515 1780 1756 1828 prolixitudo

188 1837 276 1875 Pac.
308 1850 341 1875 ν.
375 1839 466 1877 124.
495 1839 718 1886 squalitudo
750 1838 830 1876 Att.
861 1850 894 1876 ν.
927 1838 1018 1876 340.
1050 1838 1264 1876 taetritudo
1296 1838 1376 1877 Att.
1408 1850 1440 1876 ν.
1473 1839 1567 1877 556.
1598 1838 1758 1876 temeri-

188 1896 284 1933 tudo
321 1895 409 1934 Pac.
447 1908 479 1934 ν.
519 1897 611 1935 149.
643 1918 695 1924 —-
728 1895 760 1944 c)
788 1895 1033 1942 Tragoediae
1068 1899 1106 1934 et
1142 1897 1366 1934 comoediae
1402 1896 1621 1934 communia
1652 1899 1758 1934 sunt:

189 1953 373 1992 orbitudo
403 1953 484 1992 Att.
520 1966 553 1992 ν.
585 1955 650 1992 94.
697 1954 785 1992 Pac.
816 1965 849 1991 ν.
884 1954 976 1992 135.
1025 1954 1143 2001 Turp.
1175 1965 1270 1992 com.
1302 1953 1348 1992 fr.
1379 1966 1413 1992 v.
1446 1955 1539 1992 211.
1570 1954 1756 1992 vanitudo

188 2010 312 2048 Plaut.
338 2014 438 2058 capt.
465 2012 557 2050 569.
588 2012 677 2050 Pac.
701 2023 735 2050 ν.
763 2013 854 2050 123.
885 2010 1140 2050 Inveniuntur
1164 2011 1285 2058 igitur
1309 2012 1414 2060 apud
1440 2012 1609 2050 comicos
1634 2011 1756 2058 tragi-

189 2079 331 2115 cosque
362 2069 465 2108 solos
492 2081 567 2108 non
592 2069 719 2108 minus
744 2069 1023 2127 duodevigirffi,
1055 2069 1121 2116 qui
1147 2081 1328 2108 numerus
1353 2073 1529 2117 augetur,
1561 2070 1594 2108 si
1618 2069 1757 2108 adiun-

189 2126 314 2173 gimus
344 2138 401 2173 ea,
433 2138 532 2174 quae
562 2127 776 2174 antiquarii
808 2148 858 2154 —
891 2126 1081 2175 imprimis
1106 2127 1292 2175 Apuleius
1319 2149 1372 2155 —-
1399 2140 1422 2165 a
1445 2126 1642 2166 veteribus
1673 2139 1755 2165 mu-

188 2184 289 2222 tuati
325 2187 415 2222 sunt
449 2185 509 2223 vel
540 2196 702 2232 quorum
732 2196 844 2223 usum
875 2184 1106 2232 posterioris
1136 2186 1324 2232 temporis
1355 2185 1566 2233 scriptores
1596 2196 1755 2223 revoca-

188 2245 342 2280 verunt:
374 2242 594 2281 severitudo
630 2243 755 2281 Plaut.
787 2242 888 2290 epid.
920 2243 1013 2281 609.
1044 2242 1158 2290 Apul.
1183 2246 1272 2282 met.
1301 2245 1335 2290 1,
1361 2244 1426 2282 25.
1452 2265 1504 2270 ——
1531 2242 1756 2281 hilaritudo.

188 2298 243 2336 Pl.
275 2300 367 2338 Cist.
393 2300 423 2338 I.
464 2301 498 2337 1.
525 2301 589 2339 56.
631 2301 717 2339 rud.
747 2301 843 2339 422.
884 2299 999 2347 Apul.
1030 2303 1119 2338 met.
1147 2302 1182 2348 1,
1215 2302 1278 2338 11.
1310 2323 1363 2328 —
1395 2300 1597 2348 partitudo
1628 2300 1755 2338 Plaut.

189 2357 264 2394 aul.
297 2358 360 2396 75.
388 2358 469 2396 274
501 2359 584 2396 cod.
614 2358 807 2396 Theodos.
834 2359 871 2404 9,
896 2358 961 2404 42,
990 2359 1054 2396 10.
1085 2359 1189 2406 Sulp.
1222 2359 1350 2397 Sever.
1382 2362 1420 2396 et
1449 2358 1525 2396 Jul.
1552 2357 1679 2395 Valer.
1702 2380 1751 2384 —

190 2414 404 2453 saevitudo.
434 2415 558 2454 Plaut.
583 2414 725 2454 Bacch.
751 2417 787 2454 2.
823 2415 899 2453 Jul.
924 2415 1053 2454 Valer.
1082 2418 1116 2462 1,
1137 2418 1173 2454 9.
1199 2417 1235 2464 3,
1258 2418 1321 2455 16.
1343 2438 1394 2442 -
1416 2415 1604 2454 albitudo.
1629 2415 1754 2453 Plaut.

189 2471 280 2510 trin.
304 2472 399 2510 874.
441 2472 546 2520 Sulp.
572 2472 754 2519 Seven-I,
781 2474 845 2519 16,
869 2473 906 2511 5.
933 2495 984 2502 —
1011 2473 1259 2512 maestitudo.
1288 2474 1414 2512 Plaut.
1439 2473 1514 2511 aul.
1543 2473 1636 2512 725.
1674 2472 1755 2510 Att.

189 2532 237 2566 tr.
268 2540 301 2567 ν.
334 2530 426 2568 616.
468 2530 563 2568 Pau.
594 2530 622 2577 Ι,
654 2532 719 2577 26,
751 2532 787 2568 2.
813 2552 865 2558 —
892 2531 1115 2578 paenitudO.
1156 2532 1246 2569 Pac.
1270 2543 1304 2569 ν.
1331 2532 1423 2569 313.
1450 2552 1502 2559 —
1528 2530 1674 2567 Auson.
1701 2552 1752 2557 —-

191 2586 321 2624 Sidon.
347 2597 406 2634 ep.
432 2588 468 2633 6,
494 2589 516 2625 9
543 2590 582 2625 et
606 2588 655 2626 al.
680 2609 731 2614 —
756 2588 947 2627 acritudo.
978 2588 1058 2626 Att.
1082 2600 1116 2627 v.
1142 2590 1236 2629 466.
1267 2588 1416 2626 Vitruv.
1433 2587 1627 2638 (saepius).
1659 2587 1754 2626 Gell.

189 2644 237 2690 X,
263 2645 328 2690 27,
356 2645 389 2681 1.
431 2644 545 2692 Apul.
570 2648 660 2683 met.
685 2647 721 2692 9,
748 2646 811 2683 17.
837 2646 888 2673 —'-
916 2646 1116 2684 Accedunt
1141 2646 1181 2696 a)
1205 2647 1365 2685 verbum
1390 2644 1653 2692 perperitudo,
1679 2655 1754 2691 quo

191 2700 321 2738 Attius
347 2701 387 2738 in
405 2701 662 2750 Pragmaticis
687 2702 810 2740 utitur
833 2702 919 2752 (inc.
945 2702 990 2742 fr.
1007 2703 1058 2742 II.
1084 2703 1150 2753 M.)
1173 2703 1215 2757 β)
1239 2707 1277 2742 et
1301 2715 1347 2742 ca
1373 2702 1628 2748 substantiva,
1654 2713 1753 2748 quae

190 2758 316 2806 poetis
354 2759 689 2807 scriptoribusque
726 2760 917 2807 pedestris
954 2762 1143 2799 sermonis
1175 2761 1388 2808 veteribus,
1431 2760 1571 2807 quibus
1609 2759 1753 2797 Varro-

192 2827 276 2853 nem
314 2815 542 2864 adnumero‚
580 2817 798 2856 communia
830 2821 934 2856 sunt:
967 2842 1017 2845 —
1051 2819 1207 2857 aritudo
1237 2819 1362 2856 Plaut.
1395 2819 1479 2856 rud.
1512 2818 1606 2855 524.
1654 2816 1752 2854 Enn.

190 2873 327 2921 Epich.
352 2873 402 2911 II.
428 2886 464 2921 p.
492 2876 570 2914 167
597 2875 641 2913 V.
672 2875 783 2914 Varr.
809 2879 880 2914 sat.
905 2875 1008 2915 Men.
1035 2877 1129 2915 424.
1155 2877 1237 2915 428
1262 2876 1307 2915 R.
1338 2888 1368 2914 r.
1394 2887 1423 2913 r.
1448 2875 1479 2922 I,
1507 2876 1571 2922 12,
1591 2876 1627 2913 3.
1648 2874 1754 2912 cani-
