1950 3198
901 188 1180 231 ,56-

370 307 563 345 Neronem
582 304 741 343 Tacitus
761 305 944 352 appellat,
967 304 1267 344 ‘incredibilium
1285 305 1515 354 cupitorem'
1531 306 1635 358 (ann.
1646 307 1730 355 XV,
1744 309 1826 358 42);

257 365 435 404 similiter
449 363 640 402 Catilinae
660 364 804 401 ‘vastus
818 362 970 401 animus
983 362 1233 402 incredibilia
1246 374 1398 411 semper
1411 365 1606 414 cupiebat'
1617 363 1714 416 (Cat.
1728 367 1765 413 5,
1779 366 1828 416 5).

368 421 522 461 Atriam
552 419 720 466 Gallam,
751 431 912 459 uxorem
942 420 1115 468 Pisonis,
1146 421 1242 460 ‘sola
1272 421 1450 469 corporis
1480 422 1607 461 forma
1636 433 1827 462 commen-

257 480 399 520 datam'
435 478 531 518 dicit
564 477 665 527 (ann.
696 476 780 525 XV,
812 476 894 528 59);
936 478 1024 526 pari
1059 479 1175 517 modo
1213 478 1420 518 Sallustius
1458 480 1507 518 de
1541 479 1703 519 Aurelia
1732 480 1828 520 Ore-

257 538 361 577 stilla
385 537 505 575 ‘cuius
530 538 688 585 praeter
711 534 877 574 formam
897 535 996 575 nihil
1019 546 1190 584 unquam
1214 536 1341 577 bonus
1365 537 1553 578 laudavit'
1574 535 1672 588 (Cat.
1695 538 1759 586 15,
1779 537 1827 588 2).

366 629 413 667 In
444 628 784 675 Comparationem
814 628 981 676 denique
1010 631 1216 668 vocentur:

255 707 304 751 lg.
329 709 362 746 8,
389 708 406 740 1
431 705 634 750 complures
664 705 748 740 novi
771 706 1003 758 atque-nobi·
1075 704 1157 741 hist.
1182 705 1227 746 11,
1251 706 1311 758 {²0-
1349 704 1477 741 Vibius
1502 704 1652 751 crispus
1674 707 1828 751 pecunia

298 753 351 788 les
376 751 466 788 clari
488 751 602 797 magis
626 761 735 796 quam
757 750 901 787 honesti
910 751 944 796 ¹).
1039 802 1041 842 Ι
1120 754 1310 843 giztffutaain
1316 751 1475 834 1ξὲᾆῖἰῖ
1478 751 1590 834 ξιιιιὲἓι·
1612 751 1731 790 claros
1754 763 1829 790 ma·

694 922 747 966 E.
790 921 859 965 De
888 933 1052 967 rerum
1083 923 1380 969 narratione.

372 1020 591 1068 Scriptores
620 1029 751 1057 rerum
774 1018 943 1057 Romani
972 1019 1210 1067 proeliorum
1239 1019 1354 1067 viceS,
1385 1020 1649 1060 vastationum
1679 1019 1829 1067 turbas,

258 1079 397 1118 ducum
427 1077 547 1117 fortia
576 1077 682 1116 sacta
706 1076 1051 1125 memorabilesque
1074 1077 1257 1117 interitus
1283 1080 1430 1124 quanto
1455 1088 1574 1125 opere
1598 1088 1715 1126 saepe
1738 1078 1830 1117 rhe-

256 1136 382 1175 torice
411 1135 700 1180 exornaverint,
737 1134 833 1172 satis
864 1135 1135 1182 pervulgatum
1165 1138 1235 1174 est.
1293 1134 1501 1174 Eiusmodi
1533 1134 1828 1183 descriptiones,

258 1206 354 1241 quas
384 1194 444 1233 vir
475 1194 613 1232 doctus
643 1192 802 1240 quidam
832 1193 1044 1241 appellavit
1073 1193 1374 1240 „schulmassige
1394 1193 1650 1240 Elaborate“‚
1678 1196 1724 1231 ut
1747 1203 1828 1232 om-

258 1264 325 1290 nes
360 1250 541 1290 historici
576 1253 738 1298 excepto
769 1248 953 1298 Caesare,
989 1251 1046 1290 ita
1082 1250 1249 1290 maxime
1279 1250 1488 1290 Sallustius
1524 1253 1564 1288 et
1592 1250 1752 1289 Tacitus
1781 1263 1829 1289 ex

258 1309 400 1348 studiis
435 1307 643 1347 rhetoricis
679 1307 719 1345 in
754 1307 960 1346 historiam
990 1309 1287 1347 transtulerunt.
1345 1308 1430 1347 Iam
1460 1307 1619 1356 Lipsius
1651 1307 1829 1347 doctissi-

256 1378 340 1405 mus
376 1366 505 1405 Taciti
546 1366 739 1413 interpres
781 1365 931 1404 monuit
966 1366 1109 1413 proelii
1144 1366 1446 1414 descriptionem
1482 1365 1523 1404 in
1557 1365 1744 1413 Agricola
1777 1367 1829 1405 ad

257 1424 433 1463 Sallustii
467 1424 684 1471 exemplum
720 1422 937 1462 confectam
973 1435 1059 1462 esse
1091 1423 1162 1476 (Ig.
1197 1425 1295 1471 101,
1328 1425 1393 1463 11.
1423 1444 1476 1451 -
1506 1422 1601 1471 Agr.
1632 1422 1714 1473 37),
1759 1425 1827 1463 sed

256 1483 344 1520 aliis
377 1492 530 1529 quoque
559 1481 655 1519 locis
685 1481 845 1519 Tacitus
876 1481 1102 1520 Sallustium
1132 1485 1287 1520 secutus
1312 1484 1384 1529 est,
1413 1482 1519 1520 velut
1541 1479 1712 1520 conferri
1736 1492 1827 1529 pos—

257 1542 348 1578 sunt
376 1539 472 1585 Agr.
501 1550 534 1578 c.
566 1539 619 1578 36
651 1549 738 1576 cum
767 1537 824 1585 Ig.
856 1539 921 1586 94,
953 1540 990 1586 6,
1019 1538 1111 1578 hist.
1142 1538 1216 1587 III,
1243 1540 1294 1579 17
1327 1550 1424 1578 cum.
1449 1538 1533 1578 Cat.
1558 1539 1626 1586 60,
1650 1538 1677 1577 4
1706 1541 1746 1578 et
1768 1537 1826 1587 Ig.

257 1597 322 1643 98,
355 1597 391 1643 1,
420 1596 512 1635 hist.
541 1595 615 1643 III,
647 1597 698 1635 77
731 1606 817 1634 cum
846 1595 904 1643 Ig.
935 1597 1001 1643 99,
1033 1596 1069 1635 3.

255 1685 306 1728 Ig.
330 1685 386 1724 51,
413 1686 443 1719 1.
480 1665 649 1719 Ceterum
673 1682 785 1719 facies
807 1683 922 1719 totius
945 1693 1006 1718 ne·
1074 1683 1157 1721 hist.
1177 1684 1240 1726 IV,
1263 1685 1309 1720 29
1332 1693 1387 1719 ex.
1427 1683 1522 1719 Tum
1544 1693 1631 1719 vero
1648 1683 1823 1729 strepitus

301 1729 391 1774 gotii
424 1730 524 1765 varia
557 1730 700 1765 incerta
733 1729 822 1764 nihil
858 1729 1005 1765 consilio
1120 1730 1266 1771 dissoni,
1285 1740 1482 1766 concursus
1498 1729 1629 1765 incerti
1640 1728 1729 1764 nihil
1742 1740 1825 1774 pro-

301 1786 420 1819 neque
441 1776 594 1821 imperio
618 1775 688 1819 agi,
712 1775 789 1811 fors
813 1776 934 1811 omnia
950 1786 1006 1811 re-
1121 1776 1224 1813 desse
1235 1776 1363 1816 virtus,
1374 1775 1452 1811 fors
1463 1779 1596 1818 cuncta
1607 1775 1766 1811 turbare.
1780 1795 1823 1802 -

300 1832 395 1867 gere.
1075 1833 1158 1858 ann.
1182 1823 1210 1862 Ι,
1234 1824 1279 1858 49
1302 1825 1426 1858 cetera
1449 1821 1524 1858 fors
1547 1821 1652 1866 regit.

254 1867 337 1904 hist.
361 1867 389 1902 Ι.
418 1869 463 1903 96
487 1868 557 1912 (98)
586 1866 751 1903 exterriti
781 1866 859 1903 sine
889 1870 1006 1902 recto·
1074 1869 1161 1913 Agr.
1185 1870 1231 1904 36
1260 1868 1344 1913 equi
1372 1867 1450 1903 sine
1477 1867 1680 1903 rectoribus
1703 1870 1822 1903 exter-

254 1914 355 1996 hist.b
358 1924 519 1995 {sagien
530 1959 574 1994 55
588 1960 666 2011 521)
695 1967 796 2012 more
826 1958 1006 2002 equestris
1039 1958 1043 2044 ἱ
1075 1918 1168 1995 ani-1¹.t
1169 1924 1250 2000 1⁸VI,
1279 1959 1325 1995 35
1360 1959 1539 2012 equestris
1566 1958 1696 2005 proelii
1724 1969 1823 1995 more

300 2005 429 2087 gffiglu
463 2009 618 2050 sumptls
646 2007 757 2049 tergis
787 2007 897 2049 atque
926 2004 1006 2040 red·
1040 2045 1043 2096 ἶ
1121 2005 1251 2042 frontis
1275 2015 1317 2041 ac
1340 2005 1435 2050 tergi
1458 2016 1565 2040 vices.

369 2135 445 2174 Sed
481 2135 742 2174 Sallustianae
782 2135 1020 2173 narrationis
1061 2134 1275 2174 similitudo
1316 2134 1542 2182 agnoscitur
1577 2135 1743 2174 maxime
1777 2147 1824 2173 eo

258 2194 362 2239 loco,
406 2203 481 2240 quo
518 2192 677 2232 Tacitus
720 2193 769 2231 de
810 2192 1002 2231 divisione
1037 2192 1229 2231 Thraciae
1269 2192 1372 2232 inter
1411 2193 1744 2241 Rhescuporidem
1785 2196 1824 2231 et

256 2250 380 2299 Cotyn
409 2260 521 2297 reges
552 2249 713 2290 disserit
740 2248 841 2302 (ann.
870 2249 923 2297 H,
954 2248 1031 2300 64).

254 2339 304 2382 Ig.
318 2340 373 2377 16,
386 2338 418 2374 5.
449 2338 492 2372 In
509 2337 694 2378 divisione,
712 2347 806 2383 quae
823 2346 910 2384 pars
926 2338 1001 2375 Nu·
1071 2338 1113 2373 In
1134 2347 1178 2374 ea
1202 2338 1377 2374 divisione
1407 2348 1494 2374 arva
1518 2341 1555 2374 et
1578 2338 1687 2374 urbes
1711 2341 1748 2373 et
1772 2340 1822 2374 vi-

300 2383 430 2420 midiae
445 2383 714 2420 Mauretaniam
735 2383 890 2429 attingit,
915 2393 1002 2429 agro
1117 2385 1199 2420 cina
1217 2384 1376 2424 Graecis,
1396 2383 1513 2430 Cotyi,
1531 2383 1629 2428 quod
1646 2384 1823 2420 incultum

299 2430 457 2475 virisque
475 2429 691 2475 opulentior,
714 2429 912 2475 Iugurthae
930 2434 1003 2466 tra·
1116 2430 1220 2466 ferox
1244 2429 1427 2466 adnexum
1449 2429 1632 2471 hostibus,
1663 2429 1822 2466 Rhescu-

302 2476 416 2517 ditur;
445 2476 546 2511 illam
575 2475 728 2512 alteram
751 2476 872 2521 specie
895 2485 1004 2520 quam
1117 2476 1236 2522 poridi
1265 2477 1389 2517 cessit;
1423 2477 1586 2522 ipsorum
1614 2484 1740 2521 regum
1768 2476 1821 2511 in-

299 2522 619 2603 tertiat:
627 2521 1004 2604 ssdsseerbffl‘sifflss
1118 2523 1224 2604 552¹?ss
1247 2521 1821 2604 {iiiofflfffflessmafflssssssffssi

254 2578 283 2603 c.
299 2613 394 2650 baiis
411 2578 570 2649 aniffnum
587 2578 886 2660 intenditg.n1pse
903 2623 1005 2650 acer
1119 2614 1227 2650 tatis
1257 2614 1449 2660 impatiens
1473 2616 1562 2649 erat.
1610 2613 1681 2649 Sed
1703 2614 1819 2657 primo

299 2659 508 2701 bellicosus;
533 2663 572 2695 at
599 2659 637 2696 is
660 2669 783 2704 quem
806 2661 1003 2706 petebat,
1118 2659 1272 2696 subdola
1284 2659 1477 2695 concordia¹
1489 2669 1603 2704 egere,
1616 2659 1821 2695 mothes-

301 2706 481 2750 quietus
503 2705 707 2742 imbellis.
1118 2705 1264 2750 cuporis
1294 2705 1417 2751 egredi
1446 2705 1536 2741 fines
1559 2725 1602 2731 —
1625 2705 1818 2741 immittere

1035 2750 1041 2796 Ι
1117 2751 1299 2788 latronum
1345 2751 1487 2798 globos,
1529 2751 1719 2787 excindere
1761 2762 1818 2788 ca-

350 2855 375 2897 ι)
399 2856 456 2890 cfr.
482 2854 552 2890 mv.
578 2855 610 2894 s,
635 2855 689 2894 27,
714 2857 746 2889 o.
