1950 3198
840 151 1089 192 -7-

181 269 314 307 Celsus
345 268 560 316 aspritudo,
589 268 740 307 Plinius
770 267 896 306 maior
920 266 1134 315 nigritudo,
1166 267 1368 306 Vitruvius
1393 268 1595 314 salsitudo,
1619 268 1749 315 gravi-

178 327 284 373 tudo,
314 326 521 365 Petronius
552 325 769 365 scabitudo.
795 346 846 352 -
874 324 1115 372 Simulatque
1130 328 1274 364 ‘autem
1299 325 1391 364 inde
1414 337 1439 364 a
1463 325 1626 365 Traiani
1650 328 1749 364 tem-

181 383 344 432 poribus
370 383 582 432 scriptores
607 387 757 423 veteres
783 394 926 421 aureae
950 382 1093 421 aetatis
1120 382 1379 431 scriptoribus
1403 383 1597 430 praeferri
1622 383 1751 430 coepti

177 445 278 488 sunt,
308 442 406 480 tales
437 442 771 480 substantivorum
795 439 1061 487 formationes,
1093 451 1192 487 quae
1222 452 1292 488 per
1316 441 1474 488 longum
1498 444 1650 488 tempus
1677 441 1751 479 ob-

178 499 375 538 litteratae
409 502 537 546 erant,
578 498 770 547 repetitae
812 501 913 536 sunt.
974 497 1057 545 Ipsi
1092 498 1263 537 Traiano
1306 498 1467 536 verbum
1509 498 1750 545 integritudo

178 556 370 604 placuisse
400 556 670 604 cognoscimus
700 567 748 595 ex
771 556 855 594 eius
885 556 1070 594 mandato
1101 555 1245 604 aliquo,
1277 556 1381 604 quod
1406 556 1597 604 Ulpianus
1628 556 1752 594 tradi-

178 614 247 654 dit.
275 613 367 664 (dig.
401 615 466 661 29,
499 615 534 661 1,
563 614 609 665 1).
635 635 686 642 -
711 613 969 660 Frontonem,
1001 613 1184 660 Gellium,
1215 613 1424 661 Apuleium
1453 614 1600 661 passim
1631 613 1751 652 verba

177 671 308 720 prisca
337 671 582 711 revocavisse
611 672 687 710 iam
718 682 838 719 supra
868 670 1011 718 monui,
1043 670 1084 708 in
1114 671 1254 718 quibus
1280 670 1431 710 Gellius
1461 672 1622 711 verbum
1653 671 1750 710 alias

175 741 253 768 non
282 731 467 768 testatum
497 729 750 768 ‘acerbitudo'
781 727 946 776 opponit
975 728 1094 767 verbo
1124 728 1320 768 acerbitas
1349 727 1429 779 (13,
1455 729 1492 776 3,
1519 728 1557 779 2)
1577 732 1616 768 et
1640 728 1750 777 Apu-

174 787 272 826 leius
296 786 452 825 induxit
475 787 677 826 ambitudo
702 787 805 825 Ascl.
831 787 897 825 31.
921 785 1125 825 tristitudo
1150 789 1237 825 met.
1263 787 1300 833 3,
1328 787 1393 825 11.
1418 787 1520 834 apol.
1547 787 1614 826 32.
1638 798 1750 834 aspe-

174 844 304 883 ritudo
336 847 424 882 met.
451 846 488 891 1,
513 846 550 883 2.
596 844 833 883 Posterioris
863 843 1073 882 latinitatis
1098 846 1190 882 sunt
1213 844 1334 883 verba
1359 844 1565 892 certitudo,
1591 843 1750 883 incerti-

174 902 282 949 tudo,
313 901 510 949 quietudo,
536 901 776 950 inquietudo,
802 901 1051 947 disertitudo,
1077 901 1345 948 dissertitudo,
1371 902 1577 950 rectitudo,
1603 902 1751 941 scabri-

173 960 286 1006 tudo,
323 959 604 1008 simplicitudo‚
643 959 877 1007 crispitudo,
909 959 1114 1007 angitudo,
1144 959 1332 998 atritudo.
1365 981 1416 987 —
1450 960 1598 1007 Quibus
1634 959 1751 998 rebus

174 1016 378 1065 explicatis
410 1016 495 1055 iure
525 1029 595 1056 suo
626 1016 908 1056 Woelfflinium
938 1028 1051 1055 usum
1082 1017 1289 1056 verborum
1322 1017 1363 1055 in
1388 1018 1503 1056 -tudo
1529 1017 1751 1056 exeuntium

173 1074 382 1122 praecipue
405 1074 603 1114 veteribus
627 1074 847 1114 vindicasse
871 1075 1011 1120 elucet;
1037 1077 1076 1113 et
1100 1074 1255 1122 quidem
1280 1074 1539 1113 usitatissima
1561 1078 1651 1114 sunt
1670 1086 1751 1114 ser-

174 1132 279 1170 moni
305 1131 452 1171 comico
477 1135 517 1171 et
541 1132 709 1180 tragico;
731 1133 863 1180 paullo
888 1131 1016 1170 rarius
1035 1132 1273 1171 adhibentur
1293 1144 1317 1170 a
1336 1132 1597 1180 scriptoribus
1615 1134 1752 1181 pedes-

177 1189 250 1229 tris
281 1190 485 1236 sermonis;
516 1194 764 1238 spernuntur,
794 1190 886 1238 quia
915 1190 1131 1228 reiciuntur
1162 1201 1186 1228 a
1210 1193 1333 1228 metro
1360 1190 1564 1239 dactylic0‚
1594 1191 1643 1230 ab
1669 1190 1751 1238 epi-

179 1247 235 1285 cis
260 1250 300 1286 et
323 1247 507 1286 satiricis.
544 1247 731 1287 Cicerone
755 1248 895 1286 iuvene
919 1247 1015 1286 satis
1041 1246 1236 1295 frequenti
1257 1248 1297 1286 in
1321 1259 1394 1286 usu
1412 1247 1595 1287 videntur
1619 1247 1752 1295 fuisse,

179 1305 246 1343 sed
271 1305 362 1344 inde
385 1305 435 1344 ab
462 1305 528 1344 illo
552 1308 728 1353 tempore
751 1306 940 1353 paulatim
966 1304 1155 1343 oblivioni
1181 1306 1335 1352 dantur,
1359 1317 1383 1343 a
1407 1317 1484 1353 qua
1503 1306 1751 1344 vindicantur

179 1362 331 1400 demum
361 1362 411 1401 ab
442 1363 693 1410 antiquariis,
730 1363 840 1402 cuius
876 1362 934 1402 rei
963 1362 1087 1410 ipsius
1118 1363 1219 1402 Gelli
1254 1363 1363 1402 locus
1395 1364 1491 1402 satis
1522 1375 1662 1411 magno
1694 1367 1753 1402 est

179 1420 420 1459 documento.
480 1420 555 1468 Qui
591 1431 677 1459 cum
715 1420 903 1459 scriberet
931 1418 1052 1470 (XIII.
1077 1419 1125 1471 3):
1179 1419 1287 1459 ‘Risu
1317 1432 1478 1469 prorsus
1508 1424 1626 1468 atque
1656 1422 1748 1460 ludo

178 1489 240 1516 res
279 1478 398 1525 digna
433 1480 509 1524 est,
547 1488 631 1516 cum
670 1478 847 1526 plerique
876 1477 1219 1525 grammaticorum
1250 1479 1501 1526 adseverant,
1539 1479 1750 1517 necessitu-

179 1535 308 1573 dinem
338 1538 378 1574 et
407 1535 676 1574 necessitatem
707 1539 858 1574 mutare
887 1536 1001 1582 longe
1032 1535 1264 1583 differreque
1295 1535 1383 1576 ideo
1410 1536 1513 1583 quod
1539 1537 1750 1576 necessitas

179 1593 232 1631 sit
261 1592 319 1631 vis
357 1592 562 1640 quaepiam
591 1604 771 1640 premens
802 1596 841 1632 et
871 1604 1030 1640 cogens,
1066 1593 1312 1632 necessitudo
1344 1597 1474 1632 autem
1505 1594 1660 1632 dicatur
1690 1594 1750 1633 ius

179 1651 373 1697 quoddam
404 1653 443 1688 et
472 1650 667 1689 vinculum
696 1651 906 1698 religiosae
936 1650 1221 1689 coniunctionis
1245 1651 1363 1699 idque
1387 1662 1506 1690 unum
1531 1651 1749 1690 solitarium

178 1706 382 1754 significet.
412 1729 465 1735 -
496 1708 581 1746 Hoc
611 1719 682 1755 ego
713 1708 853 1756 scripsi
885 1709 933 1747 de
958 1709 1163 1756 utriusque
1187 1709 1368 1748 vocabuli
1393 1708 1657 1748 indifferentia
1680 1710 1749 1748 ad-

178 1764 348 1804 monitus
383 1763 485 1804 forte
514 1766 625 1804 verbi
655 1766 769 1805 istius
800 1777 887 1804 cum
917 1766 1084 1813 legerem
1115 1766 1319 1814 Semproni
1347 1766 1570 1814 Asellionis,
1607 1768 1750 1806 veteris

178 1822 393 1870 scriptoris,
418 1826 599 1871 quartum
624 1835 671 1862 ex
695 1823 862 1862 historia
886 1823 1028 1862 librum
1051 1823 1133 1873 (cfr.
1157 1824 1283 1862 locum
1309 1824 1666 1875 supralaudatum)‚'
1690 1825 1747 1863 in·

178 1879 324 1918 dicavit
359 1881 519 1919 verbum
557 1881 804 1920 necessitudo
839 1892 976 1920 revera
1011 1884 1093 1919 tum
1130 1882 1317 1928 temporis
1354 1881 1452 1920 nihil
1488 1881 1610 1921 ferme
1640 1882 1747 1920 aliud

176 1936 416 1984 significasse
445 1938 521 1976 nisi
552 1938 757 1977 ‘vinculum
789 1938 996 1986 religiosae
1026 1939 1336 1978 coniunctionis’.
1386 1940 1561 1986 Quanam
1592 1940 1671 1978 alia
1702 1941 1750 1978 de

175 2005 293 2034 causa
321 1995 595 2042 grammaticos
620 1996 719 2044 illos,
750 2008 847 2044 quos
871 1995 986 2042 ridet,
1016 1996 1057 2036 id
1081 1997 1329 2045 praecepisse
1358 1997 1614 2044 putabimus?
1656 1998 1746 2038 Gel-

171 2053 246 2092 lius
277 2054 493 2101 exemplum
530 2065 639 2092 suum
678 2066 719 2093 se
745 2054 932 2102 petivisse
967 2065 1015 2092 ex
1053 2054 1249 2102 scriptore
1279 2058 1438 2094 vetere
1469 2067 1547 2095 non
1580 2055 1657 2095 sibi
1687 2059 1747 2094 est

170 2111 359 2150 conscius.
837 2121 842 2123 ·

284 2168 625 2208 Substantivorum
655 2169 696 2207 in
725 2171 805 2208 -tas
836 2169 1094 2208 desinentium
1128 2167 1452 2217 significationem
1478 2170 1625 2209 Gellius
1658 2171 1743 2209 loco

170 2227 331 2266 laudato
362 2238 387 2264 a
417 2226 674 2266 substantivis
699 2226 739 2265 in
764 2228 878 2266 -tudo
903 2226 1123 2266 terminatis
1149 2227 1305 2266 omnino
1338 2239 1415 2266 non
1441 2226 1598 2266 differre
1622 2229 1744 2267 tradi·

172 2283 240 2330 dit,
271 2295 503 2331 quamquam
534 2284 611 2323 alio
642 2285 728 2324 loco
757 2283 838 2334 (17,
869 2286 906 2331 2,
939 2283 1005 2334 19)
1034 2285 1153 2324 verbo
1186 2285 1409 2323 sanctitudo
1439 2285 1627 2324 maiorem
1659 2285 1743 2332 dig-

172 2341 333 2380 nitatem
358 2341 508 2389 tribuit,
541 2353 654 2389 quam
679 2342 809 2381 verbis
835 2341 1023 2380 sanctitas
1048 2346 1087 2380 et
1113 2342 1382 2381 sanctimonia.
1431 2342 1532 2382 Gelli
1557 2343 1743 2390 tempori-

171 2398 244 2437 bus
276 2399 379 2446 quod
409 2399 539 2438 verbis
572 2399 613 2438 in
641 2401 755 2439 -tudo
781 2401 906 2438 maior
930 2401 1120 2447 quaedam
1146 2400 1317 2447 dignitas
1343 2400 1620 2446 subiciebatur,
1646 2400 1743 2438 nihil

172 2455 261 2493 miri
285 2456 415 2503 habet,
440 2456 624 2504 quoniam
649 2457 778 2496 verbis
811 2457 950 2505 priscis
975 2458 1100 2496 maius
1125 2459 1278 2505 pondus
1296 2457 1498 2505 maiorque
1517 2456 1636 2496 ferme
1655 2457 1740 2505 dig-

173 2513 274 2551 nitas
306 2513 422 2559 inest;
452 2513 529 2552 alia
557 2526 620 2553 res
651 2517 727 2562 est,
757 2527 847 2553 num
878 2514 995 2553 etiam
1025 2515 1130 2563 apud
1160 2515 1267 2562 ipsos
1298 2517 1447 2554 veteres
1479 2515 1574 2553 haec
1604 2515 1741 2554 verbo—

171 2581 257 2608 rum
288 2570 507 2609 differentia
536 2571 712 2611 valuerit.
770 2573 822 2611 Et
851 2572 915 2610 hic
945 2572 1047 2611 Gelli
1076 2572 1262 2611 iudicium
1301 2572 1557 2620 comprobare
1587 2572 1741 2611 videtur

171 2638 264 2666 usus
294 2639 428 2666 eorum
457 2628 665 2668 verborum
695 2631 800 2677 apud
831 2630 1003 2677 tragicos
1034 2629 1382 2677 frequentissimus.
1430 2629 1530 2668 Nam
1561 2630 1635 2668 etsi
1659 2629 1740 2676 ple-

171 2696 313 2732 rosque
337 2696 472 2724 eorum
496 2697 642 2733 versus,
673 2686 813 2734 quibus
838 2687 1029 2726 vocabula
1052 2687 1121 2725 illa
1145 2686 1404 2734 continentur,
1430 2686 1478 2726 iis
1503 2687 1600 2734 ipsis
1625 2698 1740 2726 voca-

171 2742 273 2780 bulis
317 2743 518 2790 debemus,
561 2744 743 2791 quoniam
786 2744 1029 2791 grammatici
1072 2744 1359 2783 studiosissime
1401 2756 1446 2782 ea
1488 2745 1739 2791 indagabant,

171 2803 300 2837 tamen
337 2811 518 2838 numerus
554 2812 686 2839 eorum
723 2802 947 2848 verborum,
990 2813 1088 2849 quae
1118 2802 1223 2849 apud
1254 2801 1426 2848 tragicos
1458 2802 1562 2841 solos
1593 2804 1738 2848 extant,

172 2857 297 2896 maior
321 2860 390 2904 est,
421 2869 534 2905 quam
565 2858 669 2906 apud
699 2859 817 2898 ullum
843 2859 961 2898 alium
993 2860 1234 2906 scriptorem.
