1950 3198
811 192 864 199 -
923 167 978 212 ffi
1037 194 1090 200 -

171 285 236 324 94.
263 283 355 333 (63).
403 285 516 332 Verg.
540 287 588 332 X,
614 287 707 326 706.
738 285 807 324 Ov.
831 286 925 325 Met.
948 285 1035 334 VH,
1061 288 1154 327 404.
1181 286 1271 326 Tac.
1297 287 1386 326 hist.
1411 287 1484 335 ΙΠ,
1510 289 1548 326 8.
1579 299 1666 327 ann.
1686 287 1737 334 ΙΙ,

173 343 236 381 13.
267 342 340 389 ΙΠ,
367 344 431 382 69.
464 343 530 390 IV,
555 344 593 382 8.
624 343 686 390 VI,
713 345 778 382 22.
807 342 897 390 ΧΠ,
925 345 988 382 11.
1014 345 1081 385 45.
1111 346 1195 392 XV,
1221 347 1287 385 62.

283 399 316 449 c)
345 399 521 439 ‘nescius’
551 412 666 440 sensu
695 401 851 450 passivo
882 404 1012 440 exstat
1041 404 1145 451 apud
1170 403 1294 442 Plaut.
1319 402 1418 441 Rud.
1445 404 1538 441 275.
1570 413 1669 450 quae
1698 403 1738 440 in

170 457 266 496 locis
296 458 435 496 nesciis
466 458 597 497 nescia
627 470 695 508 spe
724 470 867 498 sumus.
889 458 972 510 (cfr.
998 461 1093 499 Gell.
1118 460 1186 507 IX,
1214 459 1302 510 12.).
1332 460 1442 509 Capt.
1469 461 1562 499 265.
1588 461 1621 498 si
1647 460 1739 507 quid

171 514 340 562 nescibo,
365 516 537 555 nescium
561 517 714 555 tradam
732 516 817 555 tibi.
853 516 943 557 Tac.
963 529 1050 556 ann.
1069 517 1099 565 Ι,
1120 519 1186 557 59.
1222 517 1322 557 Aliis
1347 517 1528 565 gentibus
1543 540 1594 545 —
1610 517 1741 557 nescia

171 571 332 610 tributa.
358 594 412 600 -
443 584 531 611 ann.
555 574 660 620 XVI,
686 575 750 621 14,
781 584 905 622 neque
935 576 1106 614 nescium
1136 575 1317 615 habebat.

286 630 323 679 d)
351 627 520 669 ‘inscius'
550 632 654 680 apud
682 631 796 680 Apul.
820 635 908 670 met.
935 634 971 678 5,
999 635 1050 672 26
1082 634 1227 672 inscius
1256 633 1424 672 trames'.
1453 654 1505 660 —

283 687 419 734 Neque
447 689 651 727 adiectivis
687 689 861 727 in.-ulus
892 693 931 728 et
960 687 1069 729 -bilis
1105 691 1325 729 terminatis
1356 701 1491 729 sensus
1522 692 1560 728 et
1591 691 1739 728 activus

171 747 210 782 et
237 745 416 792 passivus
445 746 573 784 inesse
603 758 680 784 non
708 748 850 795 potest.
898 747 973 786 Sed
998 759 1083 786 cum
1107 748 1303 786 adiectiva
1327 748 1368 786 in
1393 748 1498 786 -ulus
1523 747 1742 786 desinentia

173 801 391 848 significent
420 802 591 842 studium
621 804 785 843 alicuius
815 804 888 850 rei,
925 804 1010 843 fieri
1040 817 1118 843 non
1147 809 1287 854 potest,
1319 805 1411 853 quin
1442 816 1577 843 sensus
1608 816 1740 843 eorum

172 859 397 907 plerumque
421 860 472 899 sit
495 861 644 900 activus
663 862 769 900 velut
794 862 974 902 credulus
992 863 1171 910 garrulus
1192 864 1349 910 gerulus
1369 862 1552 910 querulus
1573 862 1740 909 bibulus,

172 916 248 954 Sed
277 917 513 956 adiectivum
543 918 723 958 ‘bibulus’
751 920 912 958 adhibet
942 921 1096 968 passive
1125 921 1220 959 Hor.
1252 932 1310 969 ep.
1335 920 1365 967 I,
1393 921 1456 966 18,
1482 922 1531 959 91
1566 920 1741 958 bibulum

171 972 379 1013 Falernum
411 997 463 1003 —-
495 979 535 1014 et
564 976 796 1016 adiectivum
826 978 1030 1016 ‘credulus’
1060 977 1150 1016 Tac.
1175 979 1264 1016 hist.
1296 977 1327 1016 Ι.
1352 978 1407 1017 34
1437 978 1597 1016 credula
1627 977 1742 1015 fama.

285 1032 492 1071 Adiectiva
515 1034 556 1072 in
580 1034 689 1073 -bilis
713 1046 875 1083 perraro
902 1038 941 1074 et
964 1036 1191 1083 plerumque
1210 1036 1314 1084 apud
1332 1035 1562 1084 posterioris
1589 1036 1741 1073 demum

173 1089 315 1127 aetatis
345 1090 555 1139 scriptores
580 1091 706 1131 active
730 1091 896 1131 inveniri
920 1104 998 1131 non
1022 1096 1127 1132 recte
1151 1093 1302 1132 censuit
1326 1092 1551 1142 Haasius¹);
1583 1103 1671 1130 nam
1702 1096 1745 1130 ut

173 1146 278 1195 apud
309 1147 476 1196 optimos
513 1150 725 1198 scriptores
762 1151 883 1188 multo
919 1150 1106 1189 usitatior
1136 1153 1195 1189 est
1226 1161 1360 1189 sensus
1391 1161 1526 1189 eorum
1556 1150 1745 1199 passivus,

174 1203 230 1242 ita
259 1207 299 1242 et
327 1206 432 1252 apud
455 1209 608 1246 veteres
638 1210 677 1245 et
707 1208 811 1255 apud
842 1207 1073 1255 posterioris
1104 1208 1245 1246 aetatis
1271 1207 1483 1255 scriptores
1509 1207 1605 1246 satis
1630 1219 1747 1254 saepe

173 1261 300 1300 active
324 1267 514 1310 usurpata
538 1268 639 1310 sunt,
663 1265 704 1304 id
729 1266 833 1312 quod
857 1276 905 1304 ex
930 1266 1222 1313 comparatione
1248 1277 1382 1304 eorum
1402 1277 1494 1303 usus
1520 1265 1745 1313 apparebit:

173 1318 299 1357 Plaut.
317 1319 423 1358 Pers.
439 1322 520 1359 712
540 1320 806 1361 lucrificabilis
827 1323 921 1361 dies.
943 1323 1021 1361 mil.
1044 1324 1165 1361 1144.
1184 1322 1440 1361 adiutabilem
1459 1334 1618 1370 operam
1639 1323 1743 1361 dare.

172 1376 287 1425 (adde
311 1376 417 1415 Pers.
443 1378 561 1427 673).
608 1380 723 1427 Epid.
751 1381 814 1419 19.
839 1380 1117 1428 voluptabilem
1149 1381 1337 1418 nuntium.
1391 1381 1508 1418 Most.
1535 1381 1643 1419 1162
1675 1380 1746 1418 im—

174 1434 378 1481 petrabilis
398 1439 542 1474 orator.
561 1435 676 1485 (adde
691 1438 813 1475 Mero.
833 1438 926 1477 605.
951 1438 1066 1485 Epid.
1082 1436 1186 1486 342),
1212 1439 1316 1484 quod
1335 1437 1570 1476 adiectivum
1592 1438 1748 1484 passive

174 1495 386 1539 usurpatur
410 1504 434 1530 a
457 1492 570 1531 Livio
598 1494 662 1539 25,
689 1496 754 1541 29,
773 1495 810 1533 8.
832 1516 883 1522 -
905 1494 1000 1533 Cist.
1025 1494 1075 1542 II,
1095 1496 1131 1541 2,
1147 1495 1170 1533 3
1197 1506 1294 1533 anus
1318 1494 1649 1533 immemorabilis.
1667 1494 1746 1533 mil.

176 1548 269 1587 544.
305 1549 417 1587 Nunc
441 1551 591 1588 demum
619 1551 699 1590 scio
725 1563 785 1590 me
810 1551 930 1591 fuisse
954 1553 1159 1591 excordem
1185 1563 1341 1591 caecum
1364 1552 1668 1600 incogitabilem.
1694 1574 1746 1580 —

174 1605 262 1644 Ter.
292 1606 447 1646 Phorm.
478 1609 560 1647 226
591 1608 787 1647 vincibilis
819 1621 949 1648 causa.
982 1631 1033 1637 —
1065 1610 1127 1648 ad.
1154 1611 1248 1648 608.
1272 1609 1503 1657 placabilius
1533 1613 1603 1648 est.
1631 1608 1747 1659 (adde

174 1663 331 1702 Phorm.
356 1663 472 1713 961).
519 1665 642 1704 Lucil.
667 1666 698 1712 I,
726 1668 760 1704 1.
786 1666 956 1706 aetheris
987 1670 1026 1706 et
1049 1670 1179 1705 terrae
1204 1667 1416 1714 genitabile
1440 1678 1626 1715 quaerere
1650 1671 1753 1719 tem--

175 1732 260 1768 pus.
318 1719 431 1759 Lucr.
466 1724 500 1768 1,
534 1725 598 1761 11.
629 1723 853 1770 genitabilis
889 1736 986 1762 aura
1015 1723 1178 1762 Favoni.
1237 1724 1327 1762 Acc.
1359 1728 1407 1762 tr.
1438 1736 1471 1763 v.
1502 1725 1597 1763 421.
1627 1725 1746 1762 letum

175 1777 423 1817 tabificabile.
453 1791 487 1817 v.
524 1781 619 1819 551.
656 1780 804 1820 flebiles
841 1793 966 1820 voces.
1015 1783 1116 1820 adde
1152 1781 1231 1820 Cic.
1262 1782 1375 1820 Tusc.
1414 1784 1450 1828 2,
1487 1782 1539 1821 57
1579 1781 1745 1829 gemitus

175 1835 328 1874 flebilis.
382 1836 476 1876 Hor.
502 1847 620 1876 carm.
645 1838 694 1885 II,
721 1839 757 1885 2,
784 1840 821 1877 9.
851 1838 1002 1878 flebiles
1032 1839 1149 1878 modi.
1198 1838 1265 1878 Ov.
1291 1839 1409 1878 Trist.
1434 1838 1478 1886 V,
1506 1841 1540 1886 1,
1567 1840 1590 1877 5
1617 1838 1746 1877 flebile

175 1903 341 1932 carmen.
399 1894 490 1933 Tac.
526 1895 616 1934 hist.
651 1895 722 1942 ΠΙ,
760 1897 811 1935 25
843 1907 937 1935 voce
967 1896 1099 1935 flebili.
1146 1907 1234 1935 ann.
1272 1896 1303 1942 I,
1333 1897 1400 1934 41.
1436 1896 1578 1935 flebilis
1616 1908 1746 1935 sonus.

175 1949 250 1997 III,
282 1952 347 1990 23.
378 1952 654 1991 lamentatione
683 1952 817 1992 flebili.
848 1975 900 1984 -
932 1953 1069 1992 Afran.
1095 1964 1190 1992 com.
1215 1966 1248 1992 v.
1276 1955 1367 1992 255.
1394 1954 1665 1993 intolerabilis.
1690 1975 1742 1982 —

176 2007 291 2047 Lucr.
328 2010 370 2055 6,
405 2010 501 2048 805.
537 2011 635 2049 odor
670 2010 902 2050 mactabilis.
939 2033 991 2039 —
1028 2011 1116 2049 Huc
1151 2012 1321 2058 pertinet
1358 2012 1475 2050 etiam
1511 2011 1747 2050 adiectivum

176 2066 446 2113 ‘intestabilis',
483 2067 594 2106 cuius
630 2079 744 2106 sensu
781 2069 942 2117 proprio
979 2068 1222 2117 significatur
1251 2069 1302 2115 is,
1325 2069 1405 2116 -qui
1434 2069 1494 2107 ius
1525 2069 1749 2107 testamenti

178 2122 310 2162 amisit
337 2122 426 2173 (quo
458 2135 574 2163 sensu
610 2128 739 2164 exstat
767 2126 808 2164 in
839 2126 1043 2164 duodecim
1073 2127 1218 2164 tabulis
1249 2127 1355 2174 apud
1386 2127 1483 2166 Gell.
1515 2126 1597 2172 VII,
1630 2129 1666 2172 7,
1698 2127 1746 2175 3),

177 2181 282 2228 quod
316 2184 446 2220 tamen
481 2183 671 2221 translate
700 2184 835 2222 eodem
872 2195 986 2222 sensu
1022 2183 1181 2231 ponitur
1218 2195 1263 2222 ac
1293 2183 1572 2222 ‘detestabilis':
1620 2184 1745 2222 Plaut.

178 2249 280 2276 curc.
313 2239 368 2277 30
401 2236 484 2287 (cfr.
520 2240 598 2278 mil.
631 2240 763 2290 1414).
823 2241 913 2282 Sall.
949 2240 1005 2287 Ig.
1037 2243 1103 2287 67,
1135 2240 1158 2278 3
1195 2241 1396 2290 improbus
1433 2241 1746 2288 intestabilisque

178 2294 343 2334 videtur.
374 2296 464 2334 hist.
487 2294 518 2334 I.
542 2297 594 2335 41
620 2296 710 2346 (45),
738 2300 758 2336 1
786 2298 897 2345 peior
921 2301 1038 2345 atque
1062 2298 1327 2337 intestabilior
1350 2302 1455 2337 metu
1475 2302 1620 2336 vostro.
1650 2299 1746 2336 Hor.

179 2355 250 2390 sat.
279 2352 338 2398 ΙΙ,
374 2353 410 2399 3,
444 2354 507 2392 10.
565 2354 650 2392 Liv.
682 2356 747 2401 37,
777 2356 843 2395 57.
902 2355 1001 2394 Plin.
1041 2356 1106 2402 28,
1139 2356 1203 2394 24.
1252 2356 1343 2394 Tac.
1372 2356 1463 2394 hist.
1499 2355 1564 2401 IV,
1595 2355 1648 2394 42
1686 2356 1745 2393 in-

178 2409 400 2448 testabilior
435 2414 475 2448 et
509 2411 674 2450 saevior.
710 2423 798 2450 ann.
830 2412 896 2459 VI,
925 2413 992 2451 40.
1023 2413 1089 2451 51.
1142 2412 1238 2451 Aur.
1270 2413 1369 2451 Vict.
1402 2413 1510 2451 Caes.
1548 2414 1584 2459 6,
1618 2415 1653 2451 2.
1690 2435 1742 2440 -

179 2465 358 2505 Omnium
388 2467 429 2505 in
457 2479 531 2506 usu
556 2471 645 2507 sunt
668 2468 930 2509 ‘insatiabilis’
953 2469 1165 2509 ‘terribilis'
1188 2470 1447 2509 ‘miserabilis'
1469 2469 1745 2517 ‘praestabilis’

180 2535 294 2562 sensu
318 2524 458 2563 activo.
503 2525 713 2564 Praeterea
736 2528 841 2574 apud
865 2526 1092 2566 Ciceronem
1115 2527 1279 2574 legimus
1305 2528 1345 2565 in
1371 2528 1482 2566 Tusc.
1509 2529 1547 2573 2,
1571 2528 1624 2565 32
1650 2538 1744 2565 voce

181 2581 433 2620 lamentabili.
464 2582 512 2621 de
539 2583 636 2629 legg.
669 2584 707 2630 2,
738 2585 792 2623 64
821 2584 960 2623 funera
989 2584 1265 2622 lamentabilia.
1307 2585 1408 2622 adde
1439 2584 1521 2622 Liv.
1553 2585 1590 2630 3,
1621 2584 1686 2630 47,
1718 2586 1743 2623 6

180 2638 435 2685 comploratio
455 2639 725 2679 lamentabilis.
754 2641 867 2680 Tusc.
889 2643 924 2688 2,
942 2642 1007 2680 57.
1027 2642 1195 2688 gemitus
1215 2641 1510 2680 elamentabilis.
1524 2662 1576 2669 —
1599 2642 1647 2679 de
1665 2645 1743 2679 nat.

180 2695 286 2734 deor.
307 2697 343 2742 2,
363 2698 413 2736 91
435 2696 532 2735 haec
555 2697 776 2737 animabilis
803 2698 1078 2746 spirabilisque
1100 2703 1252 2745 natura,
1278 2698 1340 2736 cui
1359 2709 1497 2736 nomen
1515 2702 1575 2736 est
1592 2710 1670 2736 aer.
1690 2720 1741 2726 -—

182 2751 294 2791 Varr.
319 2754 354 2791 d.
379 2764 410 2791 r.
434 2765 466 2791 r.
492 2755 528 2800 2,
556 2756 619 2801 11,
646 2756 670 2793 2
695 2755 829 2795 alibile
858 2757 929 2795 lac.
976 2755 1014 2807 ξ.
1041 2757 1077 2795 3.
1109 2757 1222 2794 casei.
1256 2757 1292 2798 3.
1318 2758 1354 2802 9,
1384 2756 1435 2794 14
1466 2756 1573 2803 pulli.
1605 2777 1655 2782 —-

202 2858 507 2918 ἰμψλω
