1950 3198
871 181 1152 224 ...20-

228 296 325 334 locis
360 296 439 335 his:
482 296 571 335 Sall.
602 296 690 334 hist.
722 295 788 334 IV.
814 295 864 334 31
898 294 980 345 (56)
1008 296 1178 333 volentia
1215 295 1320 343 plebi
1356 295 1529 334 facturus
1566 295 1793 334 habebatur.

229 353 318 391 Tac.
349 353 439 392 hist.
470 353 542 399 ΙΙΙ,
574 354 627 391 52
663 353 847 391 Muciano
888 353 1059 391 volentia
1100 353 1303 401 scripsere.
1361 364 1450 392 ann.
1485 353 1569 399 XV,
1599 353 1653 392 36
1700 354 1795 392 haec

229 414 348 458 atque
377 411 474 449 talia
503 411 607 457 plebi
633 410 803 449 volentia
827 409 948 448 fuere.
1002 410 1258 457 Participium
1283 410 1440 449 ‘volens'
1463 410 1795 457 Naegelsbachius

227 468 268 505 in
298 468 413 520 libro,
441 480 553 515 quem
579 468 738 515 scripsit
761 469 810 507 de
834 468 924 506 stilo
950 468 1071 506 latino
1093 467 1134 518 (ξ
1160 470 1224 515 96,
1247 468 1293 518 1),
1318 468 1413 506 10615
1443 468 1613 506 laudatis
1637 467 1794 506 ‘media-

227 525 328 563 liter’
345 530 575 572 usurpatum
601 537 685 564 esse
710 525 850 563 statuit
874 529 912 563 et
936 536 1021 563 cum
1041 525 1129 563 aliis
1147 525 1384 572 participiis,
1409 536 1508 572 quae
1525 525 1660 563 eodem
1679 525 1795 563 modo

227 587 356 620 essent
388 583 576 630 adhibita,
607 583 825 630 composuit
855 584 960 621 velut
983 582 1137 621 ‘ceteris
1167 583 1207 620 in
1239 594 1375 630 campo
1407 582 1686 621 exercentibus'
1717 582 1795 620 Cic.

228 641 275 678 de
294 652 350 678 or.
367 640 417 687 Il,
433 641 527 687 287,
546 652 660 687 quam
680 641 1044 688 interpretationem
1062 640 1243 687 probavit
1262 640 1534 691 Draegerus1).
1547 661 1599 668 —
1620 639 1795 678 Kritzius

227 698 278 735 ad
303 698 392 736 hist.
417 698 482 736 IV.
503 699 556 737 56
582 696 776 736 ‘volentia'
796 698 920 746 accipi
945 699 1028 737 vult
1052 709 1124 745 pro
1143 698 1280 744 ‘grata'
1297 698 1359 736 vel
1376 695 1514 743 ‘laeta';
1539 708 1653 744 quam
1672 696 1795 744 signi-

226 753 447 793 ficationem
477 755 694 802 profectam
725 767 810 794 6556
840 768 864 794 a
893 756 1089 794 locutione
1119 756 1228 794 ‘velle
1258 755 1388 793 alicui’
1413 755 1453 793 id
1484 758 1543 793 est
1571 755 1670 793 bene
1699 755 1796 792 velle

225 812 358 859 alicui;
388 813 640 860 participium
670 810 826 852 ‘volens'
857 814 992 852 eodem
1022 824 1137 851 sensu
1167 824 1214 850 ac
1243 812 1462 860 ‘propitius’
1491 811 1673 859 usurpari
1703 812 1794 850 soli·

225 873 308 908 tum
333 870 429 908 10615
455 868 624 909 laudatis
649 873 883 909 translatum
908 883 994 910 esse
1017 871 1067 909 ad
1091 881 1154 908 res
1179 870 1382 908 inanimas.
1402 891 1455 899 -
1476 870 1653 916 Utraque
1671 870 1794 916 parti—

226 927 319 974 cipii
344 927 618 975 interpretatio
643 932 721 966 non
746 927 951 976 satisfacit,
981 928 1056 967 etsi
1079 928 1378 975 Naegelsbachii
1403 927 1596 965 sententia
1620 927 1796 974 proxime

225 985 275 1023 ad
312 996 446 1024 verum
488 986 650 1025 accedit.
715 986 971 1033 Participium
1013 986 1114 1024 enim
1151 986 1308 1024 ‘volens'
1344 985 1623 1023 numerandum
1659 987 1719 1023 est
1755 985 1794 1022 in

225 1042 273 1080 iis
310 1042 532 1090 participiis
570 1043 838 1091 praesentis
870 1043 1036 1094 activi,
1073 1054 1171 1090 quae
1200 1046 1439 1090 usurpantur
1471 1053 1542 1089 pro
1574 1041 1794 1090 participiis

223 1101 496 1146 praesentis
533 1101 725 1148 passivi.
757 1123 808 1128 -—
840 1101 954 1140 Hunc
985 1101 1219 1148 singularem
1251 1099 1547 1148 participiorum
1578 1099 1794 1147 praesentis

224 1157 343 1196 activi
373 1169 485 1196 usum
515 1157 641 1197 fusius
672 1162 939 1197 tractaverunt
962 1158 1093 1197 Haase
1116 1159 1140 1196 l.
1164 1159 1188 1196 l.
1212 1157 1243 1195 Ι.
1269 1169 1305 1205 p.
1332 1158 1412 1196 163
1438 1169 1506 1205 sq„
1530 1179 1582 1184 -
1608 1157 1794 1203 Naegels-

223 1215 334 1253 bach.
358 1215 382 1253 l.
407 1216 443 1262 1.,
467 1237 522 1243 -
546 1216 698 1255 Usener
721 1216 884 1254 Jahrbb.
908 1217 1016 1255 1878
1042 1228 1078 1263 p.
1103 1217 1154 1254 51
1182 1226 1263 1262 566.
1283 1237 1334 1242 ——
1357 1215 1432 1253 Sed
1458 1226 1557 1262 quae
1582 1214 1629 1252 de
1652 1215 1726 1252 hac
1749 1226 1793 1253 re

225 1272 534 1320 disputaverunt,
565 1285 651 1311 cum
682 1285 760 1311 non
792 1274 921 1312 omnia
951 1274 1157 1320 probanda
1185 1284 1270 1311 esse
1295 1272 1521 1320 existimem,
1552 1273 1651 1310 hanc
1676 1283 1792 1318 quae-

223 1329 387 1368 stionem
413 1330 529 1368 liceat
547 1331 643 1369 mihi
663 1334 879 1369 retractare
898 1334 1030 1370 secuto
1049 1330 1215 1369 maxime
1234 1330 1399 1369 Useneri
1417 1326 1792 1368 commentationem.

226 1387 416 1434 Quoniam
434 1388 550 1434 ,enim
579 1389 778 1427 Usenerus
807 1389 991 1427 disseruit
1021 1389 1068 1427 de
1098 1388 1308 1436 participio
1338 1387 1555 1435 praesentis
1579 1387 1726 1435 passivi
1749 1387 1790 1425 in

224 1445 386 1492 —min0s‚
429 1445 538 1484 euius
575 1446 766 1484 iacturam
801 1446 937 1493 lingua
968 1446 1093 1484 latina
1129 1457 1325 1493 nunquam
1360 1445 1603 1492 resarsisset,
1644 1445 1789 1492 pergit:

223 1502 319 1549 „Die
349 1502 637 1550 Volkssprache
666 1506 809 1542 wusste
840 1504 923 1542 sich
953 1516 1000 1542 zu
1031 1503 1177 1551 helsen,
1212 1503 1342 1542 indem
1377 1503 1435 1542 sie
1470 1503 1551 1541 sich
1588 1503 1656 1541 des
1685 1502 1789 1540 akti—

221 1560 379 1598 vischen
402 1560 808 1609 Praesens-Partieips
838 1561 1100 1609 bemachtigte
1129 1562 1210 1600 und
1238 1573 1314 1600 von
1344 1561 1565 1600 demselben
1594 1560 1634 1598 in
1664 1560 1789 1607 passi-

222 1618 374 1656 vischer
404 1618 573 1665 Geltung
609 1619 698 1656 sehr
734 1619 1025 1666 ausgedehnten
1054 1619 1261 1658 Gebrauch
1297 1619 1460 1657 machte.
1518 1618 1598 1656 Der
1628 1617 1788 1656 Schrift-

223 1675 388 1722 sprache
423 1679 571 1714 musste
607 1675 714 1714 diese
748 1676 1122 1724 Doppeldeutigkeit
1149 1677 1317 1715 Anstoss
1351 1676 1487 1724 geben.
1551 1675 1790 1715 Gleichwohl

222 1733 290 1770 hat
321 1732 378 1771 sie
408 1744 455 1771 zu
486 1733 588 1771 allen
617 1733 753 1772 Zeiten
783 1734 956 1773 einzelne
985 1735 1286 1782 Anwendungen
1317 1734 1385 1773 des
1414 1734 1601 1780 vulgaren
1628 1733 1790 1771 Ersatz-

221 1790 366 1829 mittels
397 1790 479 1828 sich
510 1794 707 1838 gestattet.
755 1791 919 1831 Obwohl
947 1792 1033 1830 eine
1057 1793 1285 1839 geuugende
1309 1791 1532 1838 Sammlung
1554 1790 1619 1829 bei
1641 1790 1750 1828 Neue
1759 1789 1788 1840 ²)

222 1848 284 1886 die
314 1848 534 1886 Thatsache
564 1860 700 1887 ausser
729 1849 885 1888 Zweifel
916 1851 1032 1900 stellt,
1063 1850 1164 1888 sieht
1192 1861 1281 1887 man
1311 1850 1367 1887 sie
1397 1849 1496 1887 doch
1526 1847 1590 1887 bei
1619 1859 1788 1886 neueren

220 1905 431 1944 Gelehrten
468 1906 652 1944 zuweilen
687 1907 796 1945 nicht
830 1907 902 1945 mit
936 1908 1059 1946 voller
1089 1905 1250 1946 Scharfe
1285 1905 1500 1953 ausgefasst
1536 1906 1631 1944 oder
1667 1906 1788 1943 durch

218 1962 566 2009 Deutungskfinste
600 1964 867 2003 verdunkelt“.
936 1965 1023 2002 Huc
1064 1964 1185 2003 refert
1224 1963 1433 2012 participia
1474 1962 1570 2001 satis
1611 1963 1788 2009 vulgaria

218 2020 322 2058 ‘luna
346 2020 532 2067 minuens,
564 2022 655 2059 anni
680 2022 889 2068 volventes,
919 2033 1043 2060 annus
1067 2025 1232 2068 vertens,
1261 2033 1324 2060 res
1349 2024 1558 2066 moventes,
1587 2020 1788 2058 continens

219 2089 269 2115 56.
294 2081 412 2123 16116,
443 2078 635 2116 1106611616
663 2079 938 2127 terminantia’,
970 2080 1110 2118 deinde
1135 2079 1412 2117 Sallustianum
1436 2078 1534 2117 illud
1557 2077 1792 2124 ‘gignentia’.

219 2134 275 2180 Ig.
302 2137 366 2182 70,
393 2135 429 2173 6.
460 2135 526 2181 93,
552 2135 590 2173 4.
622 2157 673 2162 -
707 2137 808 2175 adde
839 2136 988 2175 Vitruv.
1015 2136 1100 2175 VII.
1124 2134 1245 2184 praef.
1273 2137 1337 2174 17.
1367 2136 1424 2173 ita
1453 2138 1568 2174 aucto
1597 2135 1791 2174 vestibulo

219 2192 479 2231 laxamentum
510 2192 819 2232 initiantibus
845 2216 897 2222 -
923 2193 1078 2233 adiecit.
1119 2193 1217 2231 Plin.
1244 2205 1302 2242 ep.
1327 2192 1397 2240 IX,
1422 2194 1487 2240 26,
1513 2193 1536 2230 5
1570 2191 1662 2239 quia
1684 2192 1791 2232 visus

219 2260 260 2288 es
297 2249 392 2287 mihi
429 2249 469 2287 in
506 2249 662 2298 scriptis
699 2251 795 2290 meis
830 2252 1041 2290 adnotasse
1078 2251 1268 2298 quaedam
1304 2254 1348 2288 ut
1381 2251 1548 2297 tumida,
1584 2261 1683 2297 quae
1719 2261 1790 2297 ego

221 2307 412 2352 sublimia,
442 2309 486 2344 ut
515 2307 696 2355 improba
727 2319 826 2355 quae
855 2319 927 2356 ego
952 2309 1193 2355 audentia,
1223 2311 1268 2346 ut
1291 2308 1422 2355 nimia,
1441 2310 1551 2355 'quae
1580 2317 1652 2354 ego
1677 2308 1792 2355 plena

220 2364 457 2402 arbitrabar.
500 2363 590 2402 Tac.
615 2376 704 2404 ann.
728 2365 801 2413 III,
826 2367 879 2405 45
906 2366 1180 2405 intolerantior
1205 2366 1371 2404 servitus
1396 2365 1536 2403 iterum
1561 2364 1687 2403 victis.
1721 2364 1791 2411 XI,

223 2423 276 2460 10
306 2420 491 2460 subiectis
522 2421 809 2462 intolerantior.
863 2424 959 2462 Min.
983 2424 1104 2462 Felix.
1131 2424 1167 2470 5,
1194 2423 1218 2471 9
1251 2423 1392 2462 nimbis
1423 2422 1708 2462 collidentibus.
1738 2443 1790 2449 —-

220 2478 266 2516 In
302 2482 550 2518 monumento
586 2479 793 2528 Pomponii
823 2481 979 2520 Bassuli
1007 2481 1220 2531 (Bucheler.
1251 2481 1447 2527 antholog.
1478 2481 1544 2518 lat.
1575 2479 1729 2528 specim.
1759 2478 1790 2517 I.

220 2548 257 2583 p.
290 2537 354 2575 13.
400 2537 571 2575 Henzen.
602 2537 727 2588 5605)
757 2541 855 2576 ‘cum
894 2539 945 2577 sit
980 2542 1142 2587 paratus
1172 2541 1309 2586 portus
1340 2535 1667 2587 eiaculantfibus'.
1714 2536 1812 2575 Nem

222 2604 295 2640 que
307 2593 517 2642 participia
530 2593 842 2634 ‘amantissimus'
858 2598 896 2634 et
907 2591 1326 2642 ‘desiderantissimus'‚
1340 2606 1437 2642 quae
1450 2595 1491 2632 in
1503 2594 1627 2632 titulis
1645 2594 1790 2641 passim

221 2662 292 2698 pro
330 2651 616 2691 ‘amatissimus’
647 2656 686 2690 et
716 2650 1094 2692 ‘desideratissimus’
1124 2652 1358 2703 invenimus,
1394 2663 1470 2690 non
1506 2655 1790 2690 commemorat.

222 2707 304 2746 Hac
333 2709 375 2747 in
405 2707 634 2749 collectione
664 2711 961 2760 participiorum
992 2711 1190 2750 Usenerus
1228 2708 1405 2748 confudit
1435 2721 1561 2748 usum
1590 2708 1790 2756 partici-

316 2844 342 2886 ι)
366 2844 448 2877 Hist.
474 2846 566 2886 Synt.
592 2842 615 2874 1.
640 2855 673 2887 p.
699 2846 777 2880 403.

314 2890 343 2931 ⁹)
364 2889 403 2922 11.
428 2901 460 2933 p.
485 2888 552 2924 265
576 2898 648 2931 sqq.
