1950 3198
879 182 1159 224 -14-

244 299 473 346 quaesitum.
497 300 624 338 Multo
643 297 888 346 probabilius
909 297 1079 335 dicemus
1099 296 1149 334 ad
1168 294 1388 341 analogiam
1402 294 1611 333 verborum
1624 304 1672 332 ex
1684 293 1814 332 adiec-

242 357 334 395 tivis
364 356 556 404 negativis
588 357 794 394 ductorum
819 355 882 392 ‘in'
909 354 969 392 vel
996 354 1066 391 ‘ne’
1094 352 1316 399 negativum
1340 351 1565 390 adiunctum
1590 362 1677 388 esse
1700 350 1813 389 aliis

245 424 427 460 quoque
458 413 615 451 verbis
647 413 703 451 ita
727 416 771 450 ut
795 411 952 459 negatio
977 410 1171 458 pertineat
1197 421 1273 447 non
1298 409 1349 447 ad
1372 408 1482 447 verbi
1508 408 1716 454 notionem,
1747 408 1815 446 sed

243 471 295 508 ad
330 471 407 509 vim
439 470 623 509 adiectivi
654 471 694 508 in
723 470 843 508 verbo
874 468 1043 506 latentis.
1097 466 1216 505 Aliud
1245 477 1330 504 esse
1361 465 1490 504 dicere
1520 466 1685 504 ‘indecet
1713 465 1815 512 alqd.

245 528 381 575 alqm.’‚
413 528 519 566 aliud
551 539 627 566 non
659 528 769 565 decet
799 526 902 573 alqd.
932 525 1057 572 alqm.'
1081 524 1122 561 in
1152 527 1335 571 promptu
1365 526 1434 570 est,
1465 524 1534 562 sed
1564 522 1816 570 grammatice

246 585 309 622 ‘in'
334 585 562 632 simpliciter
587 586 637 623 ad
654 584 821 623 verbum
847 582 979 621 ‘decet'
1005 581 1217 620 accessisse
1241 584 1348 628 puto,
1372 579 1498 627 logice
1515 581 1566 618 ad
1584 579 1817 619 adiectivum

246 643 287 680 in
317 643 436 680 verbo
466 643 603 680 latens.
652 641 775 688 Quam
807 641 856 679 ob
881 651 963 678 rem
986 638 1114 677 Brixii
1144 638 1340 684 iudicium,
1371 638 1475 684 quod
1498 636 1592 675 fecit
1616 638 1664 676 de
1688 636 1818 675 verbis

247 699 438 746 negativis
475 701 525 738 ad
562 699 652 737 trin.
683 711 716 737 v.
750 699 829 737 136
861 696 1136 744 „inconciliare
1166 696 1290 734 kann
1326 694 1457 732 nicht
1486 695 1557 733 das
1587 693 1819 741 Gegentheil

246 768 323 795 von
360 757 570 795 conciliare
605 757 816 803 bedenten,
854 755 905 793 da
941 754 1040 792 nach
1071 753 1114 791 O.
1144 753 1319 791 Muller’s
1354 751 1542 799 richtiger
1571 751 1820 798 Bemerkung

248 826 294 852 zu
313 813 418 852 Fest.
445 826 481 861 p.
509 815 588 852 107
614 814 679 851 ‘in'
704 825 776 851 nur
801 812 843 850 in
866 810 1101 859 AdJektiven
1126 810 1206 847 und
1229 809 1470 856 Participien
1494 809 1699 856 negativen
1724 808 1819 847 Sinn

247 871 338 909 hat“
371 870 467 909 ferri
505 883 582 909 non
619 874 760 919 potest.
791 868 1072 907 ‘Inconciliare'
1102 867 1211 906 verbi
1241 866 1473 906 ‘conciliare’
1503 867 1631 905 dicere
1661 870 1820 904 contra-

248 928 349 966 rium
387 940 464 966 non
497 939 582 967 esse
617 939 755 975 posse
786 938 864 966 non
894 926 1020 964 minus
1051 925 1191 963 falsum
1221 928 1298 971 est,
1335 935 1449 972 quam
1480 924 1514 962 si
1544 924 1631 971 quis
1661 928 1821 970 negaret

249 986 495 1032 ‘improbare’
519 997 604 1024 esse
627 996 743 1033 posse
767 983 1007 1023 contrarium
1031 982 1142 1021 verbi
1166 982 1369 1030 ‘probare'.
1421 980 1702 1020 ‘Inconciliare'
1725 992 1821 1028 quo-

249 1042 375 1081 minus
406 1055 478 1091 pro
503 1043 763 1081 ‘inconcilium
794 1041 934 1080 facere'
959 1042 1156 1087 ducamus,
1187 1038 1370 1078 formatio
1401 1038 1512 1077 verbi
1541 1050 1619 1077 non
1649 1038 1822 1086 impedit.

249 1100 292 1138 P.
318 1100 526 1147 Langenus
556 1101 631 1139 hoc
656 1111 810 1147 quoque
839 1099 880 1136 in
903 1098 1024 1137 verbo
1055 1097 1302 1144 negationem
1332 1108 1411 1135 non
1439 1096 1636 1144 pertinere
1666 1095 1742 1134 nisi
1772 1096 1823 1133 ad

251 1158 484 1196 adiectivum
509 1158 549 1195 in
573 1158 693 1196 verbo
724 1159 850 1196 latens
880 1160 925 1194 ut
955 1167 1032 1194 non
1063 1154 1349 1201 animadvertit,
1380 1154 1437 1192 ita
1460 1153 1556 1191 mihi
1580 1156 1686 1191 recte
1709 1153 1820 1191 vide-

250 1219 314 1252 tur
345 1214 407 1252 ‘in'
440 1227 511 1262 pro
543 1215 724 1262 negativo
756 1213 965 1261 accepisse,
995 1224 1095 1260 quae
1131 1211 1365 1259 significatio
1389 1211 1500 1250 verbi
1536 1210 1717 1258 negativa
1753 1221 1822 1257 op-

249 1272 343 1310 time
373 1276 482 1319 patet
511 1273 551 1310 111
582 1272 724 1310 Bacch.
754 1284 789 1310 v.
820 1272 900 1309 551
934 1270 1014 1308 ‘Ille
1045 1270 1150 1318 quod
1179 1270 1220 1307 in
1250 1280 1292 1307 se
1321 1268 1397 1306 fuit
1426 1272 1650 1306 accuratum
1675 1267 1823 1314 habuit,

252 1331 355 1376 quod
391 1334 526 1377 posset
562 1330 654 1368 mali
690 1329 837 1368 faceret
874 1329 915 1366 in
951 1339 1026 1374 me,
1068 1327 1339 1365 inconciliaret
1375 1326 1509 1373 copias
1541 1325 1666 1364 omnis
1697 1325 1824 1363 meas!

249 1387 384 1434 Neque
414 1388 605 1426 absonum
637 1390 712 1434 est,
749 1387 854 1434 quod
883 1382 1158 1423 ‘inconciliare'
1187 1384 1289 1423 abiit
1317 1383 1358 1421 111
1387 1383 1586 1422 notionem
1617 1383 1824 1421 verborum

252 1444 476 1482 ‘ludificare'
512 1445 703 1492 ‘decipere
739 1443 919 1491 aliquem'
955 1443 1017 1482 vel
1046 1442 1348 1480 ‘incommodare
1382 1439 1511 1479 alicui'
1541 1440 1632 1479 trin.
1661 1451 1697 1478 v.
1730 1440 1824 1478 136.

250 1501 357 1539 Pers.
378 1514 413 1540 v.
432 1503 527 1540 834.
546 1502 664 1540 Most.
678 1514 712 1540 v.
733 1502 828 1541 613.
859 1500 972 1547 Quod
989 1500 1133 1538 attinet
1151 1500 1202 1538 ad
1220 1499 1419 1538 notionem
1438 1498 1549 1537 verbi
1568 1497 1825 1545 ‘improbat-13⁹,

253 1570 366 1606 quam
398 1559 605 1606 Langenus
641 1571 719 1598 non
755 1559 872 1606 plane
909 1557 1130 1596 consentire
1165 1560 1296 1595 censet
1325 1567 1412 1594 cum
1448 1556 1608 1594 notione
1643 1554 1826 1593 adiectivi

251 1614 477 1664 ‘improbus'
509 1617 748 1664 propiusque
783 1616 969 1654 accedere
1004 1615 1056 1653 ad
1085 1617 1175 1654 ‘non
1209 1614 1401 1662 probare'‚
1437 1625 1593 1661 oppono
1629 1612 1827 1651 notionem

251 1674 362 1712 verbi
388 1674 635 1721 ‘improbare'
659 1685 736 1712 non
766 1673 921 1720 longius
951 1673 1133 1710 recedere
1163 1673 1213 1711 ab
1244 1672 1439 1710 adiectivo
1463 1671 1687 1718 ,improbus’
1712 1681 1826 1717 quam

252 1730 443 1778 ‘probare'
469 1743 493 1769 a
518 1732 698 1779 ‘probus’,
730 1742 844 1778 quam
870 1731 919 1768 ob
950 1741 1032 1768 rem
1063 1730 1137 1768 hoc
1161 1730 1321 1768 verbum
1345 1729 1396 1767 ab
1426 1729 1513 1776 ipso
1538 1728 1731 1766 adiectivo
1762 1738 1828 1765 ne-

252 1789 385 1835 gativo
423 1788 643 1836 profectum
674 1800 759 1827 esse
790 1789 973 1827 dicemus.
1038 1787 1146 1825 Inter
1177 1786 1367 1826 Odofredi
1402 1786 1524 1832 igitur
1553 1785 1711 1824 Mulleri
1741 1795 1828 1822 sen·

254 1846 417 1884 tentiam
448 1850 486 1884 et
515 1846 597 1884 Pet.
628 1846 807 1894 Langeni
835 1845 964 1883 media
994 1847 1053 1883 est
1082 1844 1338 1883 incedendum
1362 1844 1438 1890 via,
1468 1844 1526 1881 ita
1554 1847 1598 1881 ut
1626 1843 1667 1880 111
1696 1841 1828 1880 verbis

254 1903 446 1950 negativis
478 1903 743 1942 existimemus
774 1902 1021 1950 negationem
1051 1902 1186 1949 utique
1215 1901 1413 1950 pertinere
1441 1903 1594 1939 tantum
1622 1901 1674 1939 ad
1698 1900 1829 1937 adiec-

253 1961 394 2008 tivum,
425 1961 494 2000 sed
525 1961 655 2000 omnia
683 1961 804 2000 verba
835 1960 1018 2006 negativa
1047 1959 1144 2007 ipsis
1175 1960 1224 1998 ab
1254 1958 1458 1998 adiectivis
1489 1958 1681 2005 negativis
1712 1958 1830 1995 ducta

230 2027 342 2056 'esse
371 2029 565 2065 negemus.
596 2040 648 2046 --

371 2076 466 2114 Cum
497 2076 559 2114 ‘in'
589 2075 769 2122 negativo
795 2085 819 2112 a
842 2073 1036 2122 principio
1062 2077 1347 2121 componuntur
1376 2072 1531 2113 nonnisi
1550 2071 1754 2122 adiectiva‚
1778 2072 1829 2110 ad

255 2144 354 2180 quae
382 2137 554 2172 transeo.

805 2253 861 2297 Β.
904 2253 972 2297 De
1002 2253 1269 2297 adiectivis.

370 2362 411 2426 a)
438 2361 644 2400 Adiectiva
681 2360 863 2407 negativa
898 2360 1005 2408 apud
1041 2359 1265 2398 Sallustium
1301 2359 1468 2406 primum
1504 2359 1686 2406 leguntur
1720 2359 1831 2396 haec:

257 2419 494 2465 incuriosus,
538 2419 820 2465 importuosus,
863 2416 1029 2463 intutus,
1066 2417 1217 2464 inquies
1253 2419 1293 2455 et
1327 2415 1538 2464 participia
1571 2415 1832 2454 incelebratus

258 2476 533 2522 immutilatus‚
564 2475 803 2522 impollutus,
834 2474 1014 2520 intectus,
1045 2485 1145 2522 quae
1175 2474 1272 2512 alias
1302 2485 1393 2512 raro
1423 2473 1602 2512 adhibita
1632 2473 1762 2511 omnia
1791 2473 1831 2510 111

261 2533 414 2572 deliciis
446 2537 536 2572 sunt
567 2532 703 2570 Tacito
735 2535 892 2579 praeter
922 2532 1210 2570 ‘immutilatus'.
1243 2553 1294 2559 —
1739 2547 1741 2549 ·

373 2591 415 2642 α)
444 2590 728 2628 incuriosus.
789 2589 878 2628 Sall.
910 2589 999 2627 hist.
1023 2588 1090 2636 IV,
1117 2590 1169 2628 65
1201 2589 1280 2638 (66)
1311 2588 1429 2627 statio
1460 2587 1660 2626 incuriosa
1683 2587 1768 2626 Liv.
1793 2588 1831 2633 8,

259 2650 324 2696 38,
350 2650 386 2686 2.
413 2649 478 2694 29,
504 2648 569 2695 32,
599 2649 622 2685 2
647 2646 760 2697 (adv.)
787 2646 885 2685 Plin.
912 2658 947 2685 n.
971 2647 1009 2684 h.
1035 2647 1099 2693 16,
1127 2647 1208 2684 110
1231 2645 1344 2696 (adv.)
1368 2646 1473 2692 apud
1497 2644 1675 2683 Tacitum
1703 2646 1740 2693 1)
1761 2645 1832 2682 ab-

259 2707 385 2744 solute
408 2705 499 2743 hist.
525 2705 556 2752 I,
577 2705 642 2751 34,
663 2705 727 2743 79.
758 2703 810 2750 Π,
831 2704 898 2743 88.
929 2703 1000 2750 111,
1021 2705 1056 2743 6.
1088 2703 1133 2750 V,
1155 2705 1219 2742 22.
1244 2714 1331 2742 ann.
1356 2702 1421 2749 VI,
1448 2704 1512 2741 17.
1543 2702 1581 2751 2)
1605 2713 1690 2740 cum
1715 2712 1831 2749 gene-

259 2764 340 2802 tivo
373 2764 476 2810 apud
507 2762 687 2800 Tacitum
717 2761 883 2808 primum
914 2761 1006 2807 Agr.
1035 2763 1070 2799 1.
1102 2761 1192 2798 hist.
1224 2760 1254 2807 I,
1280 2760 1344 2798 49.
1375 2759 1448 2806 ΙΙΙ,
1473 2760 1539 2798 56.
1570 2771 1658 2797 ann.
1688 2759 1740 2806 II,
1765 2759 1831 2797 88.

259 2819 325 2866 IV,
347 2821 411 2859 32.
448 2819 532 2868 XV,
557 2820 622 2866 31,
648 2820 687 2869 3)
722 2830 807 2856 cum
849 2818 980 2857 dativo
1017 2818 1106 2856 hist.
1138 2817 1187 2864 11,
1215 2819 1275 2856 17.
1316 2829 1403 2855 ann.
1433 2817 1537 2863 XIV,
1563 2817 1628 2855 38.
1654 2838 1706 2844 —
1731 2816 1830 2853 Plin.

261 2889 319 2924 ep.
347 2880 384 2922 8,
412 2879 477 2923 20,
505 2879 539 2915 1.
583 2877 686 2914 Suet.
717 2876 815 2922 Aug.
848 2876 909 2913 79.
944 2875 1054 2914 Galb.
1085 2875 1122 2914 3.
1151 2875 1248 2914 Gell.
1274 2876 1310 2922 2,
1336 2875 1402 2913 28.
1427 2875 1464 2921 6,
1489 2875 1513 2912 5
1546 2885 1650 2922 saep.
