1950 3198
410 867 509 944 De
558 865 765 944 Taciti
818 864 1060 942 studiis
1109 862 1550 942 Sallustianis

307 1113 483 1152 Tacitum
509 1111 683 1152 Sallustii
709 1111 926 1150 studiosum
957 1110 1078 1149 fuisse
1108 1110 1185 1148 iam
1217 1109 1374 1157 Lipsius
1407 1109 1655 1148 doctissimus
1686 1109 1769 1147 eius

194 1172 387 1219 interpres
418 1170 626 1210 intellexit:
664 1173 799 1207 nostra
829 1171 958 1208 aetate
989 1167 1273 1214 similitudinis,
1305 1178 1404 1215 quae
1433 1167 1535 1205 inter
1566 1167 1770 1214 utriusque

195 1240 316 1276 genus
343 1229 496 1267 dicendi
517 1227 733 1274 intercedit,
758 1226 983 1265 memoriam
1002 1225 1205 1264 renovavit
1223 1223 1432 1263 Teuffelius
1444 1224 1482 1271 ¹),
1509 1236 1621 1272 quem
1647 1225 1770 1263 secuti

196 1286 271 1324 viri
309 1286 415 1325 docti
450 1286 513 1324 hic
547 1285 627 1323 illic
663 1285 703 1322 in
741 1283 1150 1329 commentationibus,
1187 1293 1282 1330 quas
1319 1283 1367 1321 de
1397 1282 1580 1321 Sallustio
1618 1286 1686 1320 aut
1723 1283 1770 1320 de

197 1344 333 1382 Tacito
376 1344 631 1391 scripserunt,
674 1353 722 1381 ex
762 1346 929 1389 utroque
970 1341 1114 1380 similes
1158 1340 1402 1378 contulerunt
1438 1338 1592 1390 locos.2)
1649 1340 1771 1378 Nemo

198 1405 327 1439 tamen
352 1402 407 1439 ita
431 1412 511 1439 rem
538 1400 717 1446 absolvit,
742 1404 786 1437 ut
811 1398 960 1446 effigies
985 1398 1218 1436 imitationis
1238 1397 1441 1435 Tacitinae
1459 1398 1571 1445 plene
1589 1408 1774 1444 expressa

200 1459 474 1506 subtiliterque
510 1457 804 1505 circumscripta
844 1457 1040 1495 existeret.
1110 1454 1286 1503 Excepto
1323 1455 1424 1493 enim
1459 1455 1659 1502 Draegero
1697 1454 1772 1493 viri

200 1516 306 1555 docti
342 1527 491 1562 omnes,
529 1526 625 1562 quos
663 1514 791 1562 attuli,
834 1514 1000 1552 maxime
1035 1514 1132 1551 artis
1169 1513 1329 1551 criticae
1363 1511 1517 1551 ratione
1557 1512 1694 1551 habita
1730 1512 1769 1550 in

200 1574 389 1612 orationis
421 1584 553 1612 60111111
587 1572 879 1611 similitudinem
911 1571 1207 1618 inquisiverunt,
1232 1570 1289 1608 ita
1312 1573 1357 1608 ut
1380 1571 1606 1617 plerumque
1631 1569 1770 1607 mirum

199 1632 372 1670 locorum
399 1631 671 1669 nonnullorum
697 1641 926 1668 consensum
951 1629 1047 1667 satis
1072 1628 1261 1667 haberent
1285 1627 1518 1666 ostendisse:
1549 1627 1772 1675 Draegerus

200 1692 346 1735 autem,
383 1688 449 1735 qui
479 1687 670 1737 syntaxim
703 1698 836 1726 eorum
868 1690 906 1725 et
936 1686 976 1724 in
1007 1685 1179 1725 editione
1208 1685 1407 1724 annalium
1438 1689 1476 1723 et
1506 1685 1547 1723 in
1578 1696 1772 1723 commen-

199 1747 350 1784 tatione
374 1745 574 1793 peculiari,
607 1756 720 1792 quam
745 1744 904 1792 scripsit
929 1745 977 1782 de
1001 1743 1155 1793 syntaxi
1180 1743 1349 1790 stiloque
1373 1743 1566 1790 Tacitino,
1596 1742 1772 1781 crebrius

201 1803 241 1841 in
271 1803 601 1851 comparationem
632 1802 796 1848 vocavit,
827 1802 922 1840 satis
953 1802 1075 1839 multa
1098 1801 1226 1840 minus
1250 1804 1434 1839 accurate
1465 1800 1674 1848 explicavit
1703 1811 1774 1838 nec

202 1860 465 1908 quaestionem
497 1860 621 1908 ipsam
651 1863 719 1898 aut
748 1858 913 1907 perfecit
943 1862 1010 1897 aut
1041 1858 1117 1897 sibi
1146 1859 1355 1906 proposuit
1383 1856 1581 1906 perficere.
1611 1879 1666 1884 ——
1697 1858 1773 1896 Sed

202 1918 276 1956 hoc
310 1919 397 1956 loco
434 1916 660 1956 Woelfflinii
697 1917 1042 1956 commentationes
1079 1916 1118 1954 in
1155 1916 1293 1955 Philol.
1323 1917 1464 1955 volum.
1501 1917 1572 1963 25,
1611 1916 1683 1963 26,
1719 1916 1771 1954 27

202 1979 357 2024 praeter
387 1979 536 2014 ceteras
567 1975 795 2023 praedicare
824 1986 902 2013 non
933 1974 1221 2022 supersedeam
1253 1973 1320 2021 qui
1345 1973 1775 2021 quamquam-ostendit

200 2033 409 2082 praecipue
439 2033 584 2079 gradus
616 2032 807 2071 orationis
831 2032 1034 2071 Tacitinae
1059 2035 1176 2079 atque
1200 2042 1432 2079 progressus
1463 2031 1554 2069 inde
1585 2031 1632 2069 ab
1658 2030 1774 2077 Agri-

201 2092 287 2130 cola
315 2101 438 2139 usque
462 2091 513 2129 ad
537 2089 651 2129 finem
676 2090 884 2136 annalium,
914 2093 1044 2128 tamen
1069 2100 1156 2127 cum
1181 2089 1310 2128 Taciti
1335 2089 1596 2136 proprietates
1621 2100 1645 2127 a
1670 2099 1772 2126 com-

202 2148 308 2187 muni
331 2148 437 2186 illius
462 2147 603 2186 aetatis
627 2159 769 2195 genere
793 2147 947 2186 dicendi
977 2147 1204 2186 recedentes
1228 2146 1451 2185 accuratius
1476 2146 1774 2192 demonstraret,

200 2205 461 2245 Sallustianae
497 2216 650 2252 quoque
685 2208 724 2243 et
759 2205 962 2243 Tacitinae
1004 2204 1196 2243 orationis
1238 2215 1468 2243 consensum
1511 2202 1655 2250 attigit.
1720 2203 1775 2242 Ut

201 2263 303 2302 enim
339 2273 472 2301 66111111
509 2262 665 2302 1116611111
701 2262 1002 2310 proprietatum,
1040 2273 1135 2309 quas
1173 2261 1399 2309 Sallustius,
1435 2261 1546 2300 cuius
1584 2260 1775 2299 orationis

203 2321 407 2359 audaciam
431 2320 544 2359 multi
568 2319 645 2359 iam
670 2323 842 2359 veterum
867 2320 1211 2367 grammaticorum
1236 2319 1496 2367 castigabant,
1521 2330 1643 2358 novas
1668 2318 1774 2358 vide-

296 2433 320 2471 ι)
344 2431 593 2473 Uebersetzung
619 2433 678 2464 des
702 2433 838 2464 Tacitus
863 2443 894 2474 11.
922 2432 997 2466 131.

294 2478 322 2516 ²)
344 2477 500 2519 Bernays.
549 2477 610 2510 Rh.
637 2478 680 2511 M.
711 2477 793 2510 XVI
825 2489 856 2520 1).
888 2478 965 2512 319.
997 2495 1039 2502 -
1072 2477 1203 2510 Get-ber.
1252 2478 1299 2510 De
1330 2478 1445 2510 Tacito
1475 2487 1584 2509 rerum
1618 2477 1778 2518 scriptore

204 2525 335 2567 qualem
354 2524 476 2555 bonum
502 2529 662 2555 oratorem
688 2524 862 2565 requisivit
881 2524 1111 2563 Quintilianus.
1138 2542 1180 2546 —
1208 2522 1397 2555 Leutschau
1418 2522 1514 2555 1861.
1561 2523 1668 2563 [Hunc
1687 2532 1777 2553 com-

203 2569 438 2602 mentationem
458 2570 490 2600 in
510 2569 663 2601 manibus
682 2579 745 2601 11011
764 2569 889 2610 habui]
914 2588 955 2593 —
981 2567 1165 2603 Woelfflin.
1211 2569 1325 2601 Philol.
1345 2568 1470 2600 xxvl.
1497 2579 1527 2610 p.
1550 2568 1612 2600 121
1634 2578 1706 2609 sqq.
1733 2586 1775 2591 —

204 2616 259 2648 W.
285 2614 422 2648 Teuffel.
471 2614 550 2647 Ueb.
577 2613 654 2647 Sall.
680 2615 747 2646 und
772 2615 876 2647 Tacit.
931 2616 1074 2656 Tubing.
1104 2615 1200 2648 1868.
1233 2633 1275 2636 -
1307 2615 1463 2646 Eussner.
1513 2614 1776 2646 Exercitationes

204 2660 432 2694 Sallustianae.
470 2660 617 2692 Wirceb.
640 2660 737 2693 1868.
763 2678 803 2684 —
830 2661 971 2694 Urlichs.
1016 2662 1062 2693 De
1082 2662 1148 2692 vita
1168 2667 1199 2692 et
1218 2660 1399 2692 honoribus
1420 2660 1604 2700 Agricolae.
1646 2659 1778 2691 Wiree-

204 2707 301 2748 burgi
329 2704 416 2738 1868
440 2716 471 2747 p.
491 2705 514 2738 4
538 2716 587 2747 sq.
613 2724 654 2730 --
682 2707 726 2738 111.
775 2707 822 2738 De
846 2707 951 2739 Taciti
977 2707 1043 2739 vitu
1068 2713 1099 2739 et
1125 2707 1316 2738 honoribus.
1368 2705 1464 2739 1879.
1514 2716 1545 2746 p.
1565 2704 1610 2738 22
1634 2716 1707 2746 sqq.
1733 2723 1776 2728 —

205 2752 366 2786 Lam-eck.
410 2751 456 2783 De
482 2752 559 2784 Sull.
585 2752 717 2793 ingenio
742 2756 811 2783 arte
835 2753 1027 2794 rationeque
1051 2752 1194 2784 dicendi.
1238 2751 1422 2783 Alnrweiler
1449 2750 1547 2784 1873.
1589 2761 1621 2792 p.
1651 2751 1706 2784 31.
1734 2769 1776 2774 —

207 2801 382 2831 Prummer.
431 2795 589 2828 Zeitsclw.
610 2796 630 2828 l'.
653 2797 684 2828 d.
704 2798 818 2829 lister-r.
839 2797 1072 2839 Gyninnsiulw.
1118 2797 1214 2830 1874.
1259 2808 1289 2838 p.
1309 2797 1376 2831 704
1395 2807 1467 2838 sqq.
1493 2814 1536 2819 —
1562 2796 1675 2828 Wolff.
1719 2797 1778 2829 Die

206 2843 353 2887 Sprache
378 2843 437 2874 des
461 2842 607 2876 Tacitus.
656 2844 847 2884 Progrannn
867 2844 898 2876 11.
919 2842 1179 2875 Wfihlerschart.
1218 2843 1369 2874 Fraucol'.
1391 2842 1488 2876 1879.
1524 2853 1556 2884 1¹·
1575 2842 1621 2875 27
1640 2853 1712 2883 sqq.
1734 2860 1776 2866 —-

205 2892 360 2930 Draeger.
408 2887 488 2920 Ueb.
515 2889 606 2929 Sym.
633 2889 698 2920 und
725 2889 784 2922 Stil
810 2889 869 2921 des
893 2889 997 2921 Tacit.
1048 2888 1164 2922 1882.³
1189 2899 1219 2930 p.
1248 2887 1312 2921 125
1337 2899 1409 2930 sqq.

1450 2945 1494 2978 1.
