1950 3198
888 215 1171 258 -40-

242 331 443 379 Haasium,
475 332 541 380 qui
572 331 703 370 Latini
735 342 804 370 cur
829 334 868 370 et
891 331 1157 371 accusativum
1183 334 1221 369 et
1246 330 1419 370 dativum
1444 335 1483 370 et
1507 331 1820 379 praepositiones

242 391 363 429 isdem
395 389 524 428 verbis
555 389 791 435 addiderint,
823 399 979 428 causam
1011 399 1095 427 esse
1125 389 1375 437 repetendam
1402 389 1552 427 censuit
1577 400 1654 427 non
1678 400 1703 427 a
1727 400 1819 437 pro-

243 447 331 495 prio
362 447 422 486 vel
452 447 645 485 translato
676 446 883 485 verborum
915 457 1047 493 sensu,
1086 447 1153 485 sed
1183 457 1208 484 a
1237 446 1396 484 notione
1427 456 1586 484 casuum
1618 447 1821 494 praeposi-

241 504 449 552 tionisque.
510 503 689 542 Ceterum
722 514 878 542 causam
909 503 1148 552 primariam,
1179 515 1247 542 cur
1277 502 1524 542 accusativus
1556 503 1685 541 verbis
1717 514 1821 541 com-

240 562 381 609 positis
419 561 556 599 addita
592 560 658 607 sit,
696 560 864 608 positam
902 572 988 600 esse
1017 561 1057 598 in
1088 561 1394 608 praepositionis
1424 560 1475 606 vi,
1501 571 1601 607 quae
1631 559 1749 598 etiam
1780 561 1820 598 in

239 619 359 658 verbo
390 618 607 665 composito
637 617 768 657 valida
798 622 893 666 erat,
924 619 1049 657 elucet
1079 629 1165 656 cum
1197 629 1244 656 ex
1275 618 1482 656 verborum
1514 616 1819 664 compositorum

241 679 438 714 structura
474 675 699 722 transitiva,
738 676 769 714 si
802 687 917 714 sensu
948 675 1109 724 proprio
1140 675 1181 714 id
1213 678 1271 714 est
1301 674 1416 713 locali
1449 675 1707 720 collocantur,
1738 679 1819 713 tum

240 745 286 771 ex
323 736 522 772 structura
559 744 692 772 eorum
730 724 1052 780 compositorum,
1091 743 1255 780 quorum
1291 732 1412 771 verba
1452 731 1645 778 simplicia
1675 731 1819 770 habent

243 802 395 829 sensum
428 790 677 829 transitivum
708 790 813 828 velut
841 790 969 829 Plaut.
1000 794 1112 829 most.
1144 790 1226 829 843
1258 790 1331 828 eho
1363 789 1479 828 istum
1511 799 1631 836 puere
1657 788 1820 827 circum-

240 849 336 886 duce
367 848 483 886 hasce
513 847 622 887 aedis
653 851 691 886 et
722 847 933 886 conclavia.
983 847 1090 886 Caes.
1122 847 1159 886 b.
1191 858 1222 886 c.
1253 847 1290 892 3,
1322 848 1387 893 61,
1421 847 1439 883 1
1475 846 1590 893 alqm.
1620 845 1819 893 praesidia

239 906 541 943 circumducere.
574 927 626 932 ——
658 905 691 942 A
723 916 838 944 sensu
870 904 1079 943 verborum
1111 904 1226 943 locali
1259 915 1343 942 cum
1377 902 1577 951 profectus
1603 907 1707 941 esset
1733 914 1819 941 sen-

239 974 304 1000 sus
334 962 567 1009 translatus,
604 973 681 1001 non
713 961 1009 1010 compositionis
1042 973 1193 1009 eorum,
1232 962 1299 1000 sed
1330 965 1482 1000 tantum
1513 959 1685 999 notionis
1715 961 1818 998 ratio

238 1019 375 1058 habita
412 1023 482 1058 est.
543 1019 650 1066 Quae
680 1019 790 1058 notio
822 1030 907 1058 cum
939 1023 1042 1058 esset
1072 1019 1282 1058 transitiva
1295 1018 1332 1068 l)‚
1368 1018 1528 1056 verbum
1559 1017 1816 1064 compositum

239 1087 401 1124 prorsus
438 1088 510 1124 pro
541 1076 749 1116 transitivo
780 1077 1044 1115 adhibebatur
1073 1077 1130 1115 ita
1160 1079 1204 1114 ut
1233 1075 1481 1114 accusativus
1519 1074 1554 1112 ei
1585 1074 1817 1121 adiungere-

236 1138 302 1171 tur
332 1145 404 1181 pro
436 1145 527 1172 casu
561 1134 771 1173 obiectivo.
820 1134 954 1181 Neque
985 1134 1017 1172 si
1043 1134 1139 1172 haec
1164 1134 1284 1172 verba
1308 1144 1424 1172 sensu
1450 1132 1565 1170 locali
1591 1142 1675 1169 cum
1700 1142 1816 1170 accu-

238 1191 364 1229 sativo
396 1191 750 1238 coniungebantur,
787 1191 921 1229 Latini
958 1195 1095 1238 postea
1127 1191 1204 1229 sibi
1235 1190 1383 1229 conscii
1414 1193 1526 1228 erant
1555 1189 1655 1227 hanc
1687 1192 1817 1227 struc-

236 1253 364 1286 turam
400 1247 644 1288 referendam
681 1260 767 1288 esse
803 1250 854 1287 ad
890 1248 1195 1296 praepositionis
1232 1248 1326 1295 vim,
1363 1248 1430 1287 sed
1462 1258 1546 1285 cum
1579 1249 1815 1284 structuram

237 1317 370 1343 eorum
408 1306 630 1353 acciperent
660 1318 731 1354 pro
763 1306 988 1352 transitiva,
1026 1306 1141 1344 etiam
1174 1305 1371 1353 passivum
1402 1303 1664 1352 personaliter
1694 1302 1815 1351 finge-

236 1364 343 1401 bant.
405 1363 511 1410 Quae
547 1375 633 1401 cum
670 1363 727 1401 ita
764 1363 858 1409 sint,
896 1366 1117 1402 structurae
1151 1363 1359 1402 verborum
1392 1361 1699 1409 compositorum
1730 1372 1815 1399 cum

236 1420 461 1459 accusativo
494 1420 626 1459 dativo
657 1420 1016 1468 praepositionibus
1049 1420 1242 1468 quomodo
1280 1421 1383 1458 inter
1420 1431 1461 1457 se
1492 1417 1685 1464 differant,
1717 1418 1816 1456 dilu-

237 1478 365 1516 cidum
404 1482 474 1516 est.
535 1478 741 1516 Structura
777 1477 987 1516 transitiva
1023 1476 1320 1525 significabatur
1351 1478 1462 1519 inter,
1483 1476 1676 1514 actionem
1707 1476 1817 1513 verbi

237 1535 472 1586 (motionem)
502 1535 785 1583 obiectumque,
815 1536 867 1573 ad
899 1536 1002 1582 quod
1028 1535 1132 1574 actio
1156 1534 1305 1584 (motio)
1329 1534 1555 1582 pertineret,
1586 1533 1707 1571 multo
1734 1544 1819 1571 esse

239 1593 364 1630 artius
395 1592 602 1639 vinculum,
635 1603 749 1640 quam
781 1592 814 1631 si
845 1592 1001 1631 dativus
1032 1594 1092 1630 vel
1122 1592 1364 1640 praepositio
1396 1602 1443 1629 ex
1474 1591 1592 1629 verbo
1618 1590 1819 1637 penderet,

237 1649 420 1696 quoniam
469 1650 715 1688 accusativus
765 1652 850 1688 erat
892 1660 1005 1688 casus
1049 1649 1276 1688 obiectivus.
1341 1649 1507 1687 Dativus
1552 1650 1680 1685 autem
1723 1647 1820 1685 nihil

236 1707 343 1745 aliud
368 1706 614 1753 significabat
640 1707 715 1745 nisi
740 1706 1171 1755 appropinquationem,
1201 1706 1515 1754 praepositiones
1537 1708 1667 1743 autem
1693 1705 1819 1742 direc-

236 1764 395 1803 tionem.
456 1765 627 1803 ‘Adnare
669 1765 799 1803 naves'
842 1764 944 1802 idem
977 1767 1036 1802 est
1066 1775 1111 1802 ac
1142 1775 1260 1803 naves
1291 1764 1422 1802 nando
1453 1762 1629 1809 assequi,
1661 1762 1820 1800 ‘adnare

235 1822 414 1860 navibus'
456 1822 621 1860 navibus
658 1823 788 1860 nando
825 1821 1142 1870 appropinquare
1180 1822 1239 1859 vel
1277 1833 1343 1860 eas
1379 1824 1528 1869 petere,
1571 1820 1730 1858 ‘adnare
1768 1819 1819 1857 ad

236 1880 367 1918 naves’
397 1879 447 1918 ad
477 1890 595 1918 naves
626 1890 761 1917 versus
793 1890 898 1917 nare.
931 1901 982 1906 -
1804 1872 1809 1879 “

348 1937 410 1974 Ex
439 1936 567 1975 verbis
600 1936 827 1983 compositis
851 1935 1096 1974 accusativus
1121 1936 1237 1982 vulgo
1262 1935 1414 1974 accedit
1437 1935 1488 1973 ad
1513 1945 1569 1980 ea,
1601 1944 1700 1980 quae
1725 1944 1809 1971 cum

236 1993 595 2041 praepositionibus
625 1993 1213 2040 circum-per-praeter-trans
1245 1991 1461 2039 composita
1485 1994 1586 2030 sunt.
1613 2015 1666 2021 —
1692 1991 1808 2038 Apud

235 2054 386 2089 veteres
427 2051 642 2098 reperimus
679 2051 782 2098 alqd.
819 2050 1024 2088 circumire
1061 2049 1388 2089 circumvectitari
1422 2048 1560 2098 (Plaut.
1598 2049 1684 2086 rud.
1717 2048 1814 2086 933»

236 2108 541 2147 circumcursare
580 2107 718 2157 (Plaut.
757 2108 843 2146 rud.
883 2107 978 2156 233)
1019 2106 1290 2146 circumfluere
1331 2105 1641 2143 circummoeniti
1683 2116 1814 2143 sumus

234 2165 371 2203 (Plaut.
404 2168 505 2212 capt.
538 2164 647 2213 254),
685 2165 790 2212 apud
830 2175 973 2203 aureae
1011 2164 1151 2203 aetatis
1183 2164 1396 2212 scriptores
1428 2162 1708 2201 circumvenire
1738 2162 1809 2199 cir-

236 2223 382 2261 cumire
425 2222 706 2262 circumsedere
749 2221 1003 2260 circumstare
1046 2221 1335 2261 circumsistere
1372 2220 1662 2258 circumsonare
1699 2219 1814 2266 alqd.,

236 2278 494 2318 circumfundi
536 2279 671 2329 (Caes.)
715 2278 951 2317 circumflari
993 2278 1084 2329 (Cic.
1122 2279 1232 2318 Verr.
1263 2280 1305 2325 2,
1345 2277 1422 2326 98).
1481 2277 1612 2324 Nepos
1649 2281 1815 2323 usurpat

236 2337 384 2384 primus
410 2336 645 2376 circumvehi
670 2337 785 2383 alth,
812 2336 1020 2375 Sallustius
1047 2336 1323 2374 circumsidere
1347 2336 1450 2382 alqd.
1474 2334 1543 2385 (Ig.
1571 2335 1636 2380 21,
1662 2335 1699 2373 3.
1730 2333 1815 2372 Liv.

238 2395 302 2440 23,
334 2394 399 2441 30,
431 2395 455 2433 6
487 2394 551 2443 al.)
581 2397 620 2432 et
651 2393 909 2441 circumgredi
940 2394 1043 2443 alqd.
1073 2393 1176 2442 (hist.
1206 2392 1273 2432 IV.
1300 2394 1348 2431 61
1378 2391 1468 2442 [19],
1495 2391 1572 2441 21),
1599 2391 1702 2438 quod
1729 2402 1814 2429 ver-

235 2453 325 2489 bum
357 2463 435 2490 una
466 2462 552 2489 cum
583 2451 666 2490 eius
698 2454 896 2489 structura
926 2451 1134 2489 transitiva
1163 2450 1382 2499 posteriore
1411 2453 1587 2496 tempore
1617 2448 1814 2487 revocavit

236 2509 395 2547 Tacitus
431 2508 531 2551 (ann.
564 2508 594 2555 I,
627 2510 692 2548 64.
732 2508 780 2556 11,
814 2510 879 2548 17.
910 2509 975 2547 25.
1012 2507 1078 2555 IV,
1112 2508 1177 2547 73.
1215 2507 1306 2553 XII,
1338 2506 1404 2556 28)
1435 2506 1577 2545 secutis
1607 2506 1814 2544 Ammiano

234 2566 244 2603 ί
250 2567 313 2612 16,
347 2567 409 2611 12,
436 2567 503 2614 59)
533 2570 571 2604 et
602 2565 763 2604 Aurelio
791 2565 948 2604 Victore
969 2564 1091 2612 (Caes.
1120 2566 1169 2603 21
1199 2564 1248 2614 5),
1279 2564 1454 2603 Sallustii
1479 2562 1684 2610 Tacitique
1708 2573 1815 2600 ama-

235 2623 400 2661 toribus.
449 2624 565 2670 Apud
585 2622 799 2670 Vergilium
825 2622 992 2670 primum
1017 2622 1179 2670 legimus
1206 2622 1518 2660 circumvolitare
1536 2621 1639 2667 alqd.
1658 2619 1813 2669 (Georg.

235 2679 265 2725 I,
291 2681 396 2728 377),
427 2681 531 2728 apud
557 2680 763 2718 Horatium
797 2679 1077 2718 circumvolare
1107 2690 1280 2726 -gemere
1310 2679 1484 2725 -mugire
1509 2681 1680 2723 -tonare,
1710 2677 1814 2724 apud

329 2827 355 2867 ¹)
379 2827 485 2860 Elium
522 2827 695 2859 verbm-um
734 2837 808 2859 cnm
847 2827 1091 2868 praepositione
1130 2814 1194 2858 “cx'
1227 2826 1483 2868 vompositorum
1516 2834 1590 2859 cun]
1624 2823 1813 2857 accusativo

236 2878 420 2904 structurae
447 2883 547 2904 «uulsa
574 2873 680 2914 positu
708 2879 756 2905 cst
783 2873 815 2904 in
841 2873 974 2904 notione
1000 2872 1189 2913 superandi,
1216 2881 1315 2913 quam
1342 2871 1423 2903 hacc
1449 2871 1547 2903 verba
1573 2870 1814 2912 compositione

236 2919 412 2960 accipiunt.
438 2937 481 2943 —
