1950 3198
750 711 908 787 Vita
959 712 1267 787 auctoris,

330 956 456 995 Natus
482 966 566 994 sum
588 954 816 994 Guilielmus
836 955 979 994 Paulus
1000 955 1204 1002 Adolphus
1225 954 1418 1002 Georgius
1439 954 1672 994 Schoenfeld
1689 966 1792 994 anno

216 1015 254 1054 h.
287 1026 315 1053 s.
346 1013 437 1051 LXI
467 1012 595 1060 pridie
625 1012 714 1051 idus
744 1012 984 1051 Novembres
1016 1012 1248 1060 Tentscheli,
1280 1011 1346 1059 qui
1382 1015 1442 1050 est
1471 1022 1594 1059 pagus
1621 1012 1795 1060 Silesiae,

216 1074 330 1119 patre
358 1070 500 1116 Paulo,
535 1072 660 1108 matre
689 1069 856 1108 Aemilia
886 1082 908 1108 e
937 1071 1052 1117 gente
1081 1069 1324 1117 Lachmann,
1363 1080 1459 1117 quos
1495 1069 1622 1107 adhuc
1658 1081 1794 1117 super-

218 1129 329 1167 stites
360 1138 446 1166 esse
476 1128 639 1174 gaudeo.
696 1126 834 1166 Fidem
863 1126 1051 1174 profiteor
1081 1127 1355 1175 evangelicam.
1400 1126 1543 1164 Primis
1573 1126 1794 1165 litterarum

218 1185 419 1224 elementis
454 1196 478 1222 a
508 1187 622 1232 patre
655 1183 861 1223 institutus
896 1195 995 1232 puer
1031 1185 1164 1223 decem
1199 1195 1391 1222 annorum
1427 1183 1629 1232 gymnasio
1660 1183 1796 1230 Ligni-

220 1242 340 1281 ciensi
375 1242 569 1281 adductus
607 1253 708 1289 sum,
746 1242 850 1289 quod
884 1253 955 1290 per
990 1245 1138 1289 septem
1175 1241 1358 1289 deinceps
1388 1252 1511 1279 annos
1541 1240 1796 1288 frequentavi.

218 1298 463 1338 Maturitatis
493 1299 760 1337 testimonium
791 1299 955 1346 adeptus
985 1299 1292 1338 Universitatem
1321 1298 1542 1336 litterarum
1567 1298 1798 1337 Viadrinam

218 1356 565 1395 Vratislaviensem
600 1356 681 1395 adii
716 1367 818 1395 anno
854 1356 892 1395 h.
923 1368 952 1394 s.
985 1355 1166 1403 LXXIX,
1201 1359 1246 1394 ut
1281 1355 1422 1394 studiis
1459 1355 1707 1402 philologieis
1737 1367 1798 1394 1116

220 1415 412 1453 dederem.
459 1413 507 1452 In
530 1425 734 1452 numerum
760 1413 902 1451 civium
927 1414 1240 1452 academicorum
1264 1416 1443 1460 receptus
1469 1424 1493 1450 a
1511 1424 1544 1451 v.
1568 1413 1605 1452 d.
1624 1412 1796 1460 Spiegel-

219 1472 330 1519 berg,
375 1470 441 1518 qui
474 1475 565 1524 ‘tum
605 1470 733 1510 fasces
769 1471 945 1518 tenebat,
988 1470 1151 1508 interfui
1187 1481 1257 1519 per
1293 1470 1372 1508 tria
1408 1469 1612 1508 semestria
1642 1470 1798 1517 scholis,

221 1540 316 1576 quas
352 1529 574 1567 habuerunt
609 1528 686 1566 viri
723 1527 941 1567 doctissimi
974 1527 1151 1576 Dilthey,
1186 1527 1323 1575 Hertz,
1359 1527 1610 1574 Hillebrand,
1644 1526 1797 1574 Kaibel,

219 1586 402 1632 Partsch,
438 1585 738 1633 Reifferscheid,
768 1585 986 1624 Rossbach.
1039 1581 1289 1623 Vratislavia
1323 1585 1462 1623 relicta
1491 1584 1796 1623 Universitatem

220 1643 440 1681 litterarum
470 1642 714 1690 Lipsiensem
750 1642 863 1691 petii,
906 1653 993 1680 cum
1029 1641 1156 1681 fasces
1191 1643 1351 1681 tenebat
1386 1641 1609 1680 Ludovicus
1644 1641 1797 1689 Lange3

220 1701 272 1739 ad
307 1700 569 1739 valetudinem
610 1699 843 1739 firmandam
884 1711 954 1747 per
996 1710 1139 1738 annum
1175 1699 1308 1738 studia
1344 1698 1604 1737 intermittere
1639 1701 1799 1737 coactus

220 1757 362 1795 iterum
404 1757 445 1795 in
486 1768 689 1796 numerum
731 1757 873 1795 civium
915 1757 1228 1795 academicorum
1268 1760 1447 1803 receptus
1491 1767 1588 1794 sum.
1647 1755 1798 1794 Scholis

220 1814 400 1861 interfui,
432 1825 528 1861 quas
558 1815 780 1854 habuerunt
808 1813 885 1853 viri
916 1813 1136 1853 doctissimi
1163 1825 1198 1851 v.
1227 1812 1403 1860 Bahder,
1435 1812 1611 1859 Curtius,
1641 1812 1799 1860 Heinze,

220 1870 420 1918 Eckstein‚
451 1871 709 1918 Hildebrand‚
739 1870 955 1918 Holzapfel,
986 1870 1131 1918 Lange,
1161 1870 1333 1918 Lipsius,
1363 1870 1554 1918 Ribbeck,
1579 1870 1798 1917 Striimpell,

221 1928 356 1976 Wolff,
393 1928 584 1976 Zarncke,
621 1928 748 1967 Ziller.
809 1928 964 1967 Sodalis
999 1928 1059 1966 fui
1094 1939 1165 1977 per
1195 1927 1411 1976 compluria
1441 1927 1644 1966 semestria
1675 1926 1799 1965 socie-

221 1988 347 2024 tatum
377 1985 520 2032 Langii
556 1990 596 2024 et
625 1985 753 2033 Lipsii
783 1985 967 2023 seminari
998 1996 1072 2032 que
1101 1984 1316 2032 germanici
1345 1984 1652 2023 extraordinarii
1681 1987 1800 2030 atque

223 2042 571 2081 exercitationibus
602 2043 764 2090 Goticis,
796 2053 891 2089 quas
922 2042 1094 2080 instituit
1122 2054 1158 2081 v.
1188 2041 1358 2089 Bahder,
1388 2040 1560 2079 interfui.

337 2099 526 2139 Omnibus
567 2100 629 2139 his
670 2099 995 2148 praeceptoribus
1038 2098 1134 2137 meis
1178 2099 1327 2146 gratias
1369 2109 1444 2146 ago
1487 2109 1602 2145 quam
1638 2109 1796 2145 possum

221 2168 422 2196 maxlmas.
