1950 3198
865 154 1145 198 „50-

221 274 455 322 civitatis,
489 274 593 322 quod
616 273 746 314 facere
771 283 857 312 eum
881 282 1038 312 necesse
1061 270 1211 318 fuisset,
1235 270 1270 310 si
1294 271 1519 311 Sallustium
1543 273 1789 320 respexisset.

221 333 343 381 Quam
375 332 424 371 ob
456 344 537 371 rem
562 331 657 371 mihi
681 331 835 371 videtur
859 329 1035 369 imitatus
1060 340 1145 368 esse
1169 331 1320 368 tantum
1343 330 1464 368 verba
1488 329 1674 370 Sallustii.
1687 329 1714 380 ¹)
1736 354 1788 360 -

334 390 497 429 Accedit
521 389 638 436 aliud,
663 390 766 428 unde
789 388 968 427 Tacitum
988 386 1164 427 Sallustii
1190 386 1422 434 disponendi
1445 399 1590 426 morem
1615 388 1656 426 in
1678 399 1791 427 usum

221 459 332 487 suum
363 447 601 486 convertisse
630 446 875 486 indicaveris.
927 444 1132 484 Formulas
1163 443 1265 482 enim
1296 443 1461 491 dicendi,
1492 444 1631 492 quibus
1656 456 1791 484 narra-

221 504 341 543 tionis
372 515 526 543 cursum
556 507 732 551 nectunt,
770 502 1012 552 egressiones
1042 501 1219 540 indicant
1247 503 1286 539 et
1316 499 1465 549 finiunt,
1495 502 1574 540 alia
1604 502 1793 541 eiusmodi

223 562 418 602 simillima
453 562 636 610 reperies.
696 561 936 609 Quamquam
971 571 1049 598 non
1082 570 1212 598 omnes
1242 557 1446 606 formulas,
1478 570 1573 606 quas
1603 559 1792 602 allaturus

223 631 325 667 sum,
362 618 485 667 ipsius
516 620 691 659 Sallustii
733 620 784 658 ad
821 618 1078 657 imitationem
1108 627 1292 655 revocare
1322 615 1541 655 necessario
1573 617 1699 655 coacti
1729 629 1793 656 su-

223 689 325 725 mus,
361 679 492 716 tamen
531 677 564 716 si
600 687 765 724 magnae
801 674 1067 715 similitudinis
1096 674 1289 713 rationem
1318 674 1521 721 habemus,
1565 685 1662 722 quae
1692 674 1793 714 inter

224 734 450 774 Sallustium
494 737 533 773 et
562 734 741 773 Tacitum
776 734 816 772 in
851 734 926 772 hac
959 743 1003 771 re
1039 731 1260 779 intercedit,
1300 731 1403 770 hunc
1438 731 1541 770 illius
1578 732 1793 779 exemplum

224 796 398 832 secutum
428 803 513 831 esse
543 792 639 831 satis
671 795 783 831 caute
814 791 997 831 dicemus.

340 849 602 889 Gonferantur
633 849 723 889 Sall.
753 849 809 897 Ig.
840 849 885 895 5,
917 850 938 887 1
978 847 1122 887 bellum
1153 845 1370 894 scripturus
1400 858 1483 885 sum
1510 868 1561 875 —
1588 846 1680 894 quia
1702 850 1795 885 tunc

224 908 391 956 primum
434 907 644 956 superbiae
679 906 898 946 nobilitatis
937 905 1091 945 obviam
1126 904 1223 943 itum
1254 907 1323 943 est.
1365 904 1459 952 Agr.
1490 915 1520 942 c.
1548 906 1601 943 10
1635 900 1795 943 Britan-

225 965 314 1005 niae
343 965 460 1005 situm
490 966 732 1014 populosque
761 962 958 1012 proferam
984 983 1037 991 -
1064 961 1156 1010 quia
1184 965 1266 1000 tum
1290 961 1457 1009 primum
1482 961 1702 1009 perdomita
1725 965 1795 1001 est.

225 1035 314 1063 ann.
344 1022 396 1070 ΙΙ,
428 1025 480 1063 27
518 1023 615 1065 Ε1115
646 1022 795 1071 negotii
824 1021 980 1060 initium
1011 1020 1201 1060 disseram
1233 1041 1284 1047 --
1318 1019 1409 1067 quia
1436 1022 1518 1057 tum
1542 1019 1709 1066 primum
1733 1031 1794 1058 re-

226 1083 339 1130 perta
369 1083 470 1119 sunt.

342 1138 431 1176 Sall.
466 1137 522 1185 lg.
561 1139 607 1184 5,
645 1139 668 1176 3
704 1137 936 1184 Priusquam
975 1135 1138 1174 huiusce
1181 1134 1286 1173 modi
1328 1133 1387 1172 rei
1430 1133 1583 1172 initium
1621 1134 1796 1182 expedio.

229 1195 321 1235 Tac.
353 1195 443 1234 hist.
473 1195 504 1242 I,
536 1196 586 1233 51
620 1206 722 1232 nunc
751 1194 866 1233 initia
894 1196 1022 1232 motus
1052 1191 1254 1231 Vitelliani
1284 1191 1496 1239 expediam.
1545 1192 1646 1231 adde
1670 1191 1797 1231 Germ.

231 1255 295 1293 27.
340 1253 430 1292 hist.
460 1252 527 1300 IV,
560 1254 623 1291 12.
654 1252 720 1291 48.
763 1264 851 1291 ann.
882 1250 949 1298 IV,
982 1251 1017 1289 1.

343 1310 434 1349 Sall.
461 1309 518 1358 Ig.
549 1311 620 1357 95,
647 1311 671 1349 2
709 1310 783 1349 Sed
821 1310 1001 1357 quoniam
1031 1319 1102 1347 nos
1132 1306 1232 1346 tanti
1262 1307 1337 1346 viri
1366 1317 1428 1346 res
1459 1306 1677 1354 admonuit,
1713 1306 1797 1346 ido-

228 1379 342 1407 neum
372 1367 498 1407 visum
536 1371 612 1415 est,
650 1368 697 1406 de
726 1371 869 1406 natura
898 1367 1079 1413 cultuque
1108 1365 1190 1403 eius
1221 1364 1355 1412 paucis
1386 1365 1527 1403 dicere.
1585 1364 1678 1403 Tac.
1707 1364 1798 1404 hist.

227 1425 296 1473 IV,
325 1426 349 1464 5
386 1425 475 1464 Res
506 1436 702 1473 poscere
731 1425 935 1471 videtur,
979 1422 1199 1471 quoniam
1228 1423 1370 1460 iterum
1400 1422 1441 1460 in
1470 1422 1703 1461 mentionem
1739 1422 1798 1460 in-

230 1483 395 1522 cidimus
431 1483 508 1521 viri
545 1483 699 1530 saepius
736 1481 991 1528 memorandi,
1035 1483 1079 1519 ut
1113 1480 1233 1520 vitam
1270 1479 1476 1527 studiaque
1514 1480 1596 1518 eius
1627 1482 1666 1518 et
1695 1480 1799 1527 quali

230 1540 390 1579 fortuna
420 1541 471 1579 sit
503 1552 607 1587 usus,
638 1540 800 1588 paucis
831 1542 1049 1587 repetam.
1097 1538 1199 1577 adde
1229 1538 1319 1576 Sall.
1351 1537 1432 1577 Cat.
1458 1538 1494 1584 5,
1521 1539 1544 1576 9
1581 1537 1669 1576 Res
1695 1537 1799 1584 ipsa

230 1597 415 1637 hortari
445 1598 652 1645 videtur,
685 1597 905 1645 quoniam
936 1597 983 1635 de
1012 1595 1187 1635 moribus
1218 1595 1388 1634 civitatis
1412 1598 1563 1643 tempus
1588 1594 1799 1641 admonuit,

231 1666 371 1703 supra
401 1658 620 1703 repetere
650 1666 696 1693 ac
725 1654 889 1703 paucis
921 1654 1123 1694 disserere.
1170 1652 1228 1700 Ig.
1258 1654 1295 1699 5,
1327 1654 1351 1691 3
1381 1664 1508 1700 pauca
1537 1663 1657 1699 supra
1685 1663 1799 1700 repe-

231 1717 322 1752 tam.
371 1713 462 1751 Tac.
491 1713 571 1751 hist
598 1712 666 1760 IV,
696 1714 750 1752 48
782 1714 815 1751 51
845 1723 972 1760 pauca
997 1722 1116 1759 supra
1138 1710 1343 1758 repetiero.
1391 1710 1481 1749 hist.
1504 1709 1556 1757 Π,
1582 1711 1634 1748 27
1661 1710 1800 1748 altiore

231 1771 345 1809 initio
383 1774 568 1818 repetam.
618 1782 704 1809 ann.
742 1770 814 1817 ΙΙΙ,
846 1770 900 1808 24
935 1769 1071 1817 paucis
1106 1771 1291 1815 repetam.
1336 1767 1419 1814 XV,
1451 1770 1503 1807 72
1534 1778 1660 1815 pauca
1689 1778 1800 1814 repe-

233 1832 325 1867 tam.
373 1827 477 1875 XVI,
512 1828 564 1867 18
594 1839 719 1875 pauca
750 1839 869 1875 supra
896 1827 1109 1875 repetenda
1139 1828 1238 1864 sunt.
1269 1846 1324 1852 —-

347 1885 438 1924 Sall.
470 1885 553 1923 Cat.
584 1885 621 1932 4,
648 1887 672 1924 3
705 1886 753 1924 de
778 1884 971 1924 Catilinae
994 1883 1264 1923 coniuratione
1289 1893 1403 1929 quam
1427 1882 1639 1923 verissume
1663 1886 1800 1929 potero

235 1944 372 1982 dicam.
426 1942 509 1981 Cat.
544 1943 608 1989 18,
641 1943 661 1980 1
702 1943 750 1981 de
780 1954 856 1990 qua
885 1953 929 1980 re
960 1952 1073 1989 quam
1103 1940 1316 1979 verissume
1345 1943 1484 1986 potero
1515 1940 1652 1980 dicam.
1710 1940 1800 1979 Tac.

233 2001 322 2039 hist.
353 1999 420 2047 IV,
450 2000 504 2038 48
534 1999 595 2037 Ea
625 2000 673 2039 de
702 2001 819 2039 caede
850 2010 965 2047 quam
993 1998 1195 2037 verissime
1224 1997 1437 2045 expediam.
1469 2018 1522 2025 -

350 2058 440 2096 Sall.
471 2056 528 2104 Ig.
553 2056 590 2103 4,
617 2058 639 2096 9
671 2069 773 2095 nunc
803 2058 854 2096 ad
883 2057 1078 2104 inceptum
1101 2056 1230 2095 redeo.
1276 2054 1335 2102 Ig.
1362 2055 1427 2102 42,
1452 2056 1476 2093 5
1504 2066 1619 2102 quam
1645 2055 1693 2093 ob
1719 2065 1801 2093 rem

236 2117 287 2155 ad
311 2116 506 2162 inceptum
530 2115 660 2154 redeo.
708 2115 808 2154 adde
831 2114 887 2161 Ig.
909 2115 973 2160 79,
994 2115 1057 2153 10.
1106 2113 1195 2151 Tac.
1220 2112 1310 2151 hist.
1334 2110 1384 2159 ΙΙ,
1406 2113 1459 2152 38
1484 2124 1586 2151 nunc
1604 2113 1654 2151 ad
1672 2123 1802 2150 rerum

238 2172 413 2212 ordinem
447 2173 576 2211 redeo.
621 2183 708 2211 ann.
738 2171 811 2218 IV,
844 2172 896 2211 33
939 2171 1006 2211 sed
1043 2171 1095 2210 ad
1130 2170 1325 2218 inceptum
1360 2171 1488 2209 redeo.
1535 2169 1632 2217 XII,
1662 2171 1713 2208 51
1753 2171 1803 2209 ad

238 2234 456 2278 temporum
488 2229 663 2268 ordinem
692 2229 821 2268 redeo.

352 2287 442 2327 Sall.
473 2286 556 2325 Cat.
588 2287 625 2334 5,
655 2287 680 2326 9
717 2286 853 2335 paucis
889 2286 1081 2325 disserere
1115 2285 1297 2324 instituta
1332 2284 1533 2323 maiorum.
1593 2284 1682 2323 Tac.
1713 2284 1802 2323 hist.

236 2345 290 2393 II,
316 2347 340 2384 2
371 2344 486 2383 initia
514 2344 716 2391 religionis
747 2344 882 2392 paucis
913 2344 1113 2383 disseram.
1153 2354 1241 2381 ann.
1271 2341 1323 2389 ΙΙ,
1355 2344 1406 2381 27
1438 2341 1534 2381 Eius
1559 2342 1706 2389 negotii
1730 2342 1804 2380 ini-

238 2403 335 2442 tium
371 2402 544 2441 curatius
575 2401 774 2441 disseram.
817 2401 1010 2441 disserere
1040 2412 1125 2439 cum
1155 2411 1233 2439 acc.
1265 2400 1346 2438 eius
1377 2399 1450 2446 rei,
1488 2400 1535 2438 de
1566 2410 1641 2447 qua
1671 2399 1803 2447 dispu-

238 2463 356 2507 tatur,
386 2470 548 2508 perraro
577 2459 782 2499 invenitur.
831 2458 899 2498 cfr.
923 2459 1180 2508 Nipp.-Andr.
1210 2457 1262 2497 ad
1285 2468 1373 2495 ann.
1396 2456 1427 2494 I.
1453 2457 1490 2503 4,
1514 2456 1584 2494 ubi
1607 2458 1733 2495 locum
1758 2468 1805 2495 ex

241 2517 397 2556 Valerio
427 2516 600 2557 Maximo
624 2517 799 2563 laudant;
831 2517 931 2557 adde
954 2517 1038 2555 Liv.
1064 2516 1129 2562 41,
1155 2517 1192 2562 6,
1217 2516 1243 2553 4
1273 2515 1324 2554 ad
1350 2514 1595 2553 disserendas
1620 2526 1682 2553 res
1709 2525 1803 2561 quas

240 2575 463 2624 gessissent.
495 2596 548 2604 -

356 2633 445 2672 Sall.
477 2632 560 2671 Cat.
592 2634 628 2680 7,
661 2634 682 2672 7
722 2642 935 2670 memorare
964 2641 1117 2678 possem
1149 2652 1200 2658 -
1233 2630 1273 2668 ni
1303 2641 1349 2668 ea
1378 2640 1440 2667 res
1470 2628 1623 2675 longius
1654 2639 1724 2667 nos
1754 2629 1803 2667 ab

242 2691 397 2738 incepto
433 2690 617 2729 traheret.
650 2712 701 2717 -—
734 2690 824 2727 Tac.
854 2700 940 2727 ann.
972 2688 1042 2735 VI,
1075 2689 1127 2727 22
1159 2688 1198 2726 111
1229 2690 1403 2735 tempore
1433 2686 1727 2732 memorabitur,
1757 2697 1805 2724 ne

244 2759 346 2786 nunc
376 2747 531 2795 incepto
561 2747 716 2795 longius
747 2746 921 2785 abierim.

342 2871 368 2912 ¹)
392 2873 477 2904 adde
501 2871 548 2913 lg.
578 2871 628 2910 18,
657 2871 673 2904 l
700 2870 846 2903 Africam
871 2870 1015 2902 habuere
1039 2869 1131 2902 initio
1158 2868 1286 2902 Gaetuli
1312 2873 1343 2900 et
1368 2867 1497 2909 Libyes.
