1950 3198
790 193 1076 236 „57-

151 307 172 354 5
197 309 229 342 3.
265 307 381 353 Igitur
410 317 455 342 ex
483 306 678 351 improviso
708 305 799 341 fines
824 308 900 341 eius

197 363 279 388 cum
303 362 434 398 magna
456 362 566 387 manu
583 351 722 387 invadit
740 372 784 377 -
803 350 901 386 aedi-

195 399 279 434 ficia
294 397 455 434 incendit
466 397 689 434 existumans
703 407 794 433 eam
811 406 901 432 rem

195 444 306 480 belli
341 453 520 480 causam
555 443 650 479 fore
686 447 723 479 et
752 454 785 488 q.
811 453 838 478 s.
862 442 901 478 in

195 501 225 525 c.
251 491 306 529 20,
331 492 362 525 3.
382 509 426 516 -—
445 500 474 525 c.
500 490 556 530 25,
581 491 614 525 6.

150 545 180 571 c.
205 537 261 575 25,
287 537 309 570 6
333 555 376 560 -
400 539 500 570 metu
531 538 641 580 atque
665 534 826 570 lubidine
851 532 902 569 di-

195 591 323 617 vorsus
359 580 582 627 agitabatur;
625 580 775 615 timebat
810 580 901 614 iram

195 631 356 667 senatus,
374 627 412 662 ni
429 627 613 672 paruisset
631 626 769 671 legatis,
816 635 900 660 orro

195 673 336 708 animus
376 672 544 718 cupidine
579 681 709 708 caecus
745 681 767 706 a
835 671 902 707 in-

197 722 370 763 ceptum
395 718 539 754 scelus
563 717 786 762 rapiebatur.

1019 305 1143 345 stella,
1175 313 1334 340 causas
1365 303 1483 339 bello
1509 322 1553 329 —
1578 306 1615 338 et
1639 313 1673 348 q.
1698 313 1726 338 s.

1015 351 1054 386 in
1077 361 1106 386 c.
1126 351 1182 386 65.

971 544 1002 570 c.
1027 535 1072 570 66
1095 533 1193 569 inter
1210 536 1347 568 metum
1367 536 1403 567 et
1420 532 1514 567 iram
1532 535 1728 568 cunctatus

1017 579 1158 633 maluit·
1176 579 1313 624 patrati
1339 589 1447 623 quam
1469 577 1638 623 incepti
1662 578 1727 613 fa-

1017 635 1186 662 cinoris
1210 634 1294 661 reus
1319 634 1410 660 esse.

265 847 414 894 Restat,
445 850 488 884 ut
512 846 552 884 in
578 846 910 894 comparationem
934 857 1115 884 vocemus
1140 845 1352 884 sententias
1378 845 1530 893 aliquot
1554 849 1593 883 et
1616 845 1730 884 locu-

148 905 295 952 tiones,
331 915 430 951 quae
464 904 515 942 ad
547 903 675 942 Taciti
710 903 840 942 studia
872 903 1111 942 Sallustiana
1145 903 1327 942 videntur
1357 903 1602 942 revocandae
1632 913 1728 941 esse.

1259 1012 1446 1058 Ayricola.

149 1071 199 1116 Ig.
227 1073 280 1111 10,
305 1072 327 1106 8
352 1090 396 1096 -
420 1080 465 1106 ne
490 1080 556 1114 ego
580 1071 749 1106 meliores
767 1070 902 1107 liberos
973 1081 1002 1106 c.
1035 1073 1056 1106 7
1085 1069 1214 1105 maluit
1247 1069 1361 1106 videri
1397 1070 1577 1106 invenisse
1612 1070 1730 1107 bonos

195 1116 391 1160 sumpsisse
426 1114 550 1151 videar
584 1127 694 1161 quam
723 1117 901 1162 genuisse.

150 1161 227 1198 Cat.
253 1163 309 1201 53,
336 1164 366 1196 1.
410 1162 501 1197 Cato
526 1161 647 1198 clarus
672 1167 782 1207 atque
807 1173 903 1208 mag-

195 1218 262 1244 nus
294 1208 461 1243 habetur.
487 1227 531 1232 —
555 1208 606 1253 Ig.
631 1210 691 1248 92,
718 1211 736 1243 1
761 1208 904 1244 Marius

199 1263 350 1298 magnus
376 1257 413 1288 et
437 1254 558 1289 clarus
583 1258 693 1289 antea
716 1255 832 1289 maior
850 1258 904 1290 at-

201 1309 270 1344 que
294 1299 427 1341 clarior
449 1299 578 1334 haberi
600 1301 730 1344 coepit.

152 1344 230 1380 Cat.
254 1346 316 1384 59,
344 1347 373 1379 1.
415 1344 510 1379 Dein
550 1347 701 1381 remotis
743 1346 905 1381 omnium

199 1390 318 1435 equis,
367 1401 439 1435 quo
481 1391 654 1426 militibus
697 1396 903 1436 exaequato

194 1436 383 1481 periculoa
395 1435 514 1471 nimus
531 1436 685 1481 amplior
700 1442 807 1478 esset,
826 1438 903 1482 ipse

198 1481 310 1527 pedes
334 1482 533 1516 exercitum
556 1482 713 1518 instruit.

151 1528 201 1573 Ig.
221 1529 276 1567 53,
296 1529 318 1562 8
342 1538 409 1563 sua
433 1528 586 1573 quisque
610 1527 721 1563 fortia
738 1528 839 1564 facta
857 1529 904 1564 ad

199 1573 339 1608 caelum
363 1572 451 1608 fert:
477 1573 618 1618 Quippe
641 1585 699 1610 res
722 1574 903 1610 humanae

196 1619 250 1654 ita
268 1628 307 1654 se
324 1619 477 1654 habent:
501 1619 539 1654 in
557 1620 712 1655 victoria
729 1620 786 1655 vel
803 1620 904 1665 igna-

197 1665 249 1700 vis
263 1664 412 1708 gloriari
423 1664 519 1704 licet,
533 1664 709 1703 advorsae
721 1676 780 1702 res
795 1667 904 1702 etiam

198 1710 314 1746 bonos
339 1709 554 1746 detrectant.

154 1882 204 1927 Ig.
231 1882 286 1921 84,
313 1883 332 1916 1
357 1902 400 1908 -
426 1891 506 1917 sese
524 1882 754 1918 consulatum
772 1893 816 1919 ex
834 1882 902 1919 vic-

199 1927 246 1962 tis
270 1927 342 1962 illis
367 1927 486 1972 spolia
509 1928 658 1972 cepisse.

153 1972 246 2009 adde
265 1973 349 2008 hist.
368 1973 395 2007 I.
415 1975 459 2007 41
478 1974 558 2015 (45),
579 1975 610 2009 7.
634 1974 696 2010 111.
717 1975 760 2010 61
779 1976 858 2019 (82),
872 1976 903 2011 6.

153 2018 235 2054 hist.
267 2018 311 2054 fr.
338 2018 406 2053 inc.
432 2020 479 2054 94
501 2020 571 2062 (63)
600 2030 700 2056 more
723 2021 904 2058 humanae

199 2064 379 2109 cupidinis
402 2065 530 2108 ignara
546 2064 700 2102 visundi.

152 2110 203 2155 Ig.
229 2112 290 2150 93,
315 2112 335 2144 3
369 2120 469 2144 more
503 2109 637 2156 ingenii
667 2111 814 2149 humani
843 2124 905 2149 cu-

199 2155 286 2200 pido
312 2155 475 2190 difficilia
498 2155 669 2192 faciundi.

153 2201 232 2237 Cat.
257 2203 289 2241 2,
314 2203 337 2236 4
359 2201 551 2246 imperium
568 2202 677 2239 facile
695 2202 747 2239 eis
766 2204 906 2241 artibus

199 2247 390 2287 retinetur,
410 2247 542 2292 quibus
559 2248 663 2284 initio
680 2253 829 2294 partum
840 2255 906 2287 est.

157 2382 234 2419 Cat.
260 2385 292 2424 5,
317 2385 338 2419 6
362 2394 481 2430 neque
503 2384 542 2420 id
560 2385 690 2430 quibus
707 2385 824 2423 modis
843 2386 906 2423 ad·

199 2434 431 2473 sequeretur,
457 2430 554 2466 dum
578 2431 646 2467 sibi
668 2441 820 2476 regnum
842 2443 906 2478 pa·

198 2480 310 2516 raret,
353 2476 587 2522 quicquam
616 2478 742 2523 pensi
769 2478 909 2533 habe-¹

197 2519 283 2556 bat.

153 2565 238 2602 hist.
264 2566 291 2602 I.
316 2565 360 2602 fr.
388 2569 431 2603 10
453 2569 525 2611 (11)
547 2567 738 2613 plurumae
762 2568 904 2611 turbae,

199 2611 397 2648 seditiones
427 2617 464 2648 et
489 2613 537 2648 ad
559 2618 784 2659 postremum
808 2614 905 2652 bella

200 2657 318 2693 civilia
342 2662 424 2694 orta
448 2663 543 2694 sunt.

154 2702 205 2747 Ig.
230 2704 285 2743 27,
313 2705 330 2738 1
354 2703 451 2739 idem
473 2704 526 2740 illi
549 2704 705 2740 ministri
729 2705 834 2750 regis.
859 2726 903 2732 —

199 2748 250 2794 Ig.
275 2750 332 2790 25,
357 2751 378 2784 2
403 2750 449 2785 ab
474 2750 587 2786 isdem
611 2751 682 2786 illis
706 2751 801 2795 regis
826 2750 905 2787 fau-

199 2794 350 2830 toribus.

153 2839 236 2875 hist.
266 2839 327 2875 IV.
353 2841 395 2875 61
419 2842 506 2882 (19),
539 2843 592 2878 17.
623 2842 742 2878 socios
771 2842 906 2878 amicos

200 2885 326 2930 procul
349 2885 454 2922 iuxta
478 2886 578 2923 sitos.

1021 1126 1129 1161 quam
1153 1115 1293 1152 fecisse.

973 1173 1004 1198 c.
1021 1161 1232 1244 t{gia-Clarus
1252 1172 1294 1197 ac
1312 1171 1467 1207 magnus
1485 1161 1612 1197 haberi
1624 1162 1728 1208 Agri-

976 1356 1006 1380 c.
1034 1346 1086 1380 18.
1134 1345 1215 1390 Ipse
1247 1348 1333 1379 ante
1359 1355 1504 1389 agmen,
1537 1356 1608 1390 quo
1634 1350 1729 1381 cete-

1019 1391 1070 1427 ris
1087 1401 1157 1436 par
1169 1390 1310 1426 animus
1322 1390 1429 1427 simili
1442 1391 1605 1435 periculo
1619 1397 1728 1427 esset.

974 1538 1004 1563 c.
1029 1529 1084 1563 27.
1121 1528 1243 1572 Atque
1266 1528 1329 1569 {illi
1353 1527 1460 1563 modo
1485 1529 1581 1563 cauti
1607 1539 1649 1564 ac
1673 1539 1729 1564 sa-

1019 1574 1163 1619 pientes
1193 1574 1353 1619 prompti
1382 1578 1467 1619 post
1492 1579 1660 1610 eventum
1685 1585 1727 1610 ac

1019 1620 1241 1666 magniloqui
1254 1624 1368 1655 erant.
1394 1619 1627 1664 Iniquissima
1638 1619 1728 1656 haec

1018 1665 1199 1701 bellorum
1239 1665 1401 1700 conditio
1437 1670 1509 1707 est;
1550 1677 1730 1711 prospera

1020 1721 1145 1746 omnes
1170 1711 1237 1747 sibi
1260 1711 1462 1752 vindicant,
1488 1710 1643 1748 adversa
1666 1713 1730 1747 uni

1018 1757 1259 1803 imputantur.

1260 1826 1447 1862 historiae.

974 1882 1000 1919 Ι.
1026 1892 1056 1917 c.
1081 1882 1104 1916 2
1134 1882 1342 1919 sacerdotia
1378 1887 1416 1919 et
1445 1883 1658 1920 consulatus
1688 1887 1729 1919 ut

1020 1927 1138 1973 spolia
1161 1927 1297 1974 adepti.

974 2030 1004 2056 c.
1018 2020 1062 2054 22
1083 2018 1252 2064 cupidine
1263 2021 1397 2065 ingenii
1410 2020 1559 2057 humani
1572 2023 1729 2059 obscura

1021 2065 1201 2101 credendi.
1228 2087 1268 2091 —
1292 2067 1374 2103 hist.
1399 2066 1443 2108 V,
1471 2070 1513 2104 13
1539 2079 1639 2105 more
1662 2069 1730 2105 hu-

1020 2121 1150 2148 manae
1174 2111 1364 2156 cupidinis.

974 2214 1004 2240 c.
1030 2204 1076 2239 30
1098 2213 1204 2238 nemo
1229 2203 1324 2239 enim
1349 2215 1520 2250 umquam
1537 2206 1728 2251 imperium

1020 2249 1160 2294 flagitio
1202 2250 1410 2294 quaesitum
1447 2250 1550 2288 bonis
1587 2253 1727 2289 artibus

975 2341 991 2376 I
1022 2295 1194 2330 exercuit.
1220 2315 1263 2320 —
1288 2295 1383 2332 adde
1407 2295 1489 2333 hist.
1515 2297 1541 2333 1.
1560 2298 1616 2335 83.
1642 2309 1726 2334 ann.

974 2397 1005 2423 c.
1030 2388 1075 2423 46
1099 2386 1195 2422 dum
1219 2386 1422 2423 mercedem
1446 2388 1650 2424 centurioni
1669 2399 1730 2425 ex-

1021 2433 1190 2478 solveret,
1203 2443 1323 2478 neque
1336 2433 1484 2469 modum
1497 2435 1617 2470 oneris
1631 2436 1727 2480 quis-

1021 2488 1132 2524 quam
1148 2490 1268 2527 neque
1287 2489 1401 2525 genus
1415 2485 1590 2525 quaestus
1602 2482 1728 2527 pensi

1020 2525 1229 2563 habebat

973 2570 1057 2606 ibid.
1082 2591 1127 2596 —
1151 2573 1199 2608 ad
1229 2571 1425 2608 seditiones
1456 2575 1493 2607 et
1528 2571 1729 2609 discordias

1019 2620 1058 2697 ξι
1088 2616 1135 2652 ad
1159 2621 1361 2654 extremum
1384 2616 1483 2653 bella
1506 2618 1624 2654 civilia
1646 2628 1729 2654 rue-

1046 2666 1120 2698 ant.

974 2707 1020 2743 11.
1045 2719 1075 2745 c.
1099 2710 1144 2744 33
1168 2708 1265 2745 idem
1294 2708 1347 2744 illi
1372 2707 1562 2745 deterioris
1587 2709 1727 2747 consilii

1021 2757 1200 2790 auctores.

975 2854 1004 2880 c.
1031 2846 1076 2880 74

977 2889 1070 2926 adde

1124 2845 1227 2881 rocul
1250 2846 1307 2882 vel
1330 2846 1435 2882 iuxta
1458 2846 1546 2883 sitas
1569 2846 1673 2883 vires.

1119 2891 1178 2927 ist.
1203 2891 1254 2927 IV
1257 2917 1265 2932 ‚
1293 2893 1345 2927 12.
1383 2902 1466 2928 ann.
1491 2892 1536 2933 11,
1562 2893 1616 2928 62.
