1950 3198
882 183 1162 224 -15-

236 301 409 336 nostram
441 296 608 345 pertinet
637 297 821 336 adiectivi
845 299 1043 336 ‘maturus'
1067 297 1339 344 superlativus,
1370 309 1480 344 quem
1505 298 1664 337 Tacitus
1693 299 1805 338 finxit

237 366 314 392 non
339 355 660 401 ‘maturissimus’,
685 358 728 392 ut
752 355 862 401 solet,
888 356 955 393 sed
979 354 1264 401 ‘maturrimus’,
1289 354 1358 392 cfr.
1382 366 1470 394 ann.
1489 355 1579 403 XII,
1599 357 1664 395 65.
1683 356 1804 395 robur

236 413 377 450 aetatis
415 424 528 459 quam
564 411 833 450 maturrimum
863 412 1028 459 precari.
1087 411 1162 450 Sed
1194 424 1239 450 ex
1269 411 1418 450 Placidi
1449 413 1642 460 glossario
1657 412 1684 463 ¹)
1713 424 1803 461 cog·

238 469 432 508 noscimus
463 470 511 508 ab
544 469 632 507 aliis
659 479 822 516 quoque,
853 469 1043 516 imprimis
1074 480 1098 507 a
1123 469 1320 515 Sallustio,
1351 469 1450 507 hanc
1475 471 1702 518 superlativi
1729 470 1805 509 for-

236 538 337 565 mam
368 527 584 565 adhibitam
615 537 710 573 esse,
740 525 816 564 nisi
847 525 949 565 forte
972 526 1155 565 Placidus
1185 526 1346 574 respicit
1375 527 1426 565 ad
1458 528 1684 566 adverbium
1716 531 1805 566 ‘ma-

236 585 422 631 turrime',
454 585 557 631 quod
583 583 847 631 frequentiore
876 583 918 622 in
948 595 1020 622 usu
1045 587 1121 622 est:
1154 583 1237 622 Cat.
1262 583 1309 622 fr.
1335 595 1389 622 or.
1414 583 1444 631 I,
1469 586 1493 623 6
1518 585 1627 624 Jord.
1654 585 1732 624 Cic.
1758 586 1804 624 de

238 654 293 680 or.
318 641 390 688 ΙΙΙ,
417 642 480 688 20,
507 641 573 680 74.
609 640 717 680 Caes.
742 641 779 679 b.
803 651 839 688 3.
863 640 895 687 Ι,
920 641 985 688 33,
1010 642 1049 680 4.
1081 642 1171 679 Sall.
1196 641 1284 680 hist.
1311 640 1342 688 I,
1368 642 1421 679 44
1442 642 1522 692 (47)
1546 643 1599 681 48
1623 642 1713 692 (51),
1742 643 1804 682 16.

235 699 326 737 Tac.
356 699 387 745 Ι,
412 699 478 738 83.
507 698 591 745 XV,
617 698 671 737 74
701 698 749 736 al.

349 756 500 795 Deinde
525 756 709 794 Sallustio
730 755 946 802 Tacitoque
970 755 1182 794 communis
1208 758 1268 793 est
1291 755 1552 803 superlativus
1571 757 1804 796 ‘strenuissi-

236 815 341 851 mus’.
372 814 432 851 De
457 813 748 860 comparatione
772 812 1054 852 adiectivorum
1080 823 1225 859 eorum,
1246 823 1344 859 quae
1368 814 1538 852 vocalem
1562 818 1654 852 ante
1674 814 1806 852 termi-

235 871 432 909 nationem
455 871 611 917 habent,
634 870 859 909 Priscianus
884 871 998 909 docet
1022 871 1119 908 haec
1136 870 1184 917 (p.
1206 870 1273 909 86.
1296 870 1374 921 H.):
1405 870 1670 910 ‘Inveniuntur
1688 883 1803 919 quae-

237 927 336 975 dam,
367 939 466 976 quae
491 928 664 976 quamvis
696 927 775 966 sint
804 927 1034 975 accidentia,
1064 928 1104 966 id
1136 930 1196 965 est
1225 927 1429 975 adiectiva‚
1459 931 1497 967 et
1527 940 1660 968 eorum
1685 929 1805 977 signi-

235 983 365 1024 ficatio
403 986 548 1034 exigat,
584 988 628 1023 ut
658 984 805 1023 faciant
835 985 1112 1035 comparativa,
1147 988 1278 1023 tamen
1314 996 1392 1023 non
1428 986 1621 1024 habentur
1656 987 1696 1024 in
1732 998 1804 1025 usu

235 1042 441 1091 frequenti.
489 1043 588 1082 Sunt
617 1046 747 1081 autem
777 1054 824 1081 ea
853 1043 1091 1094 plerumque,
1121 1053 1220 1090 quae
1250 1043 1402 1081 vocales
1434 1047 1525 1082 ante
1555 1055 1619 1082 -us
1650 1044 1806 1090 habent,

234 1104 278 1138 ut
302 1101 390 1148 pius
412 1100 590 1148 egregius
614 1101 761 1140 arduus
787 1100 927 1139 dubius
953 1103 1145 1139 strenuus.
1194 1099 1457 1139 Vetustissimi
1483 1105 1611 1139 tamen
1629 1101 1806 1140 huiusce-

236 1159 342 1197 modi
373 1158 648 1206 comparativis
679 1161 769 1197 sunt
799 1156 922 1208 usi’2).
969 1157 1193 1196 Priscianus
1218 1157 1292 1196 hoc
1316 1158 1402 1197 loco
1427 1169 1511 1196 eam
1537 1158 1690 1197 dicendi
1714 1169 1805 1206 pro-

236 1216 441 1263 prietatem
478 1215 752 1255 vetustissimis
788 1215 978 1262 vindicat,
1015 1215 1078 1253 cui
1113 1215 1334 1254 addendum
1378 1218 1437 1253 est
1473 1215 1680 1254 retinuisse
1722 1227 1805 1254 eam

237 1285 453 1312 sermonem
496 1273 763 1312 cottidianum.
835 1273 972 1312 Cicero
1015 1272 1116 1311 enim
1157 1271 1267 1323 (Phil.
1314 1273 1377 1319 13,
1419 1272 1485 1322 43)
1526 1273 1806 1321 superlativum

237 1331 439 1378 ‘piisimus'
463 1331 512 1370 ab
537 1330 710 1370 Antonio
735 1333 965 1378 usurpatum
991 1330 1147 1369 omnino
1173 1330 1318 1367 nullum
1344 1341 1428 1369 esse
1452 1330 1492 1368 in
1515 1330 1648 1378 lingua
1671 1330 1806 1378 latina,

237 1389 305 1427 sed
335 1390 383 1427 ab
410 1400 455 1427 eo
487 1400 628 1427 novum
658 1388 860 1428 inductum
889 1398 975 1426 cum
1001 1387 1265 1434 contenderet,
1296 1387 1363 1435 qui
1388 1388 1646 1435 superlativus
1671 1391 1808 1435 postea

237 1447 450 1485 sexcenties
488 1446 528 1484 in
558 1446 684 1484 titulis
720 1445 921 1485 adhibitus
951 1445 1148 1484 invenitur
1177 1455 1301 1492 neque
1337 1456 1361 1482 a
1396 1445 1655 1493 scriptoribus
1689 1445 1805 1493 primi

235 1508 325 1551 post
350 1503 438 1542 Chr.
470 1516 505 1542 n.
537 1504 657 1542 seculi
687 1503 855 1542 reiectus
881 1506 941 1542 est
966 1500 1115 1554 [Senec.
1140 1506 1263 1541 contr.
1290 1504 1326 1550 9,
1353 1504 1420 1554 27,
1444 1504 1508 1541 14.
1545 1503 1676 1542 Senec.
1700 1513 1805 1541 cons.

236 1562 286 1600 ad
315 1561 450 1610 Polyb.
482 1563 521 1608 7,
542 1562 580 1599 4.
611 1560 718 1599 Curt.
750 1562 788 1608 9,
813 1562 851 1611 6,
876 1562 941 1599 17.
971 1560 1062 1598 Tac.
1086 1561 1178 1608 Agr.
1204 1558 1290 1612 43]‚
1327 1559 1506 1599 Ciceroni
1534 1564 1617 1598 tum
1649 1560 1804 1599 omnino

237 1630 323 1657 eum
359 1631 436 1657 non
473 1619 692 1657 adhibitum
730 1629 815 1657 esse
852 1630 930 1656 non
966 1618 1182 1664 credemus,
1227 1618 1296 1656 sed
1327 1617 1496 1656 sermoni
1519 1617 1804 1656 vindicabimus

236 1688 322 1716 eum
355 1676 583 1715 cottidiano.
634 1675 770 1724 Neque
799 1680 951 1714 ceteros
980 1675 1120 1714 horum
1150 1675 1431 1714 adiectivorum
1456 1675 1742 1723 comparativos
1767 1679 1806 1713 et

236 1735 496 1782 superlativos
533 1733 668 1782 paucis
698 1734 870 1782 exceptis
907 1733 1123 1772 invenimus
1161 1732 1237 1771 nisi
1273 1733 1378 1780 apud
1408 1735 1558 1771 veteres
1595 1743 1806 1780 eorumque

236 1795 449 1831 sectatores
484 1796 553 1830 aut
587 1791 693 1839 apud
729 1803 813 1839 eos,
851 1802 1015 1838 quorum
1052 1790 1179 1828 oratio
1210 1789 1373 1837 propior
1403 1793 1462 1828 est
1491 1789 1660 1828 sermoni
1690 1790 1805 1829 cotti-

236 1851 365 1889 diano.
417 1849 600 1897 Legimus
640 1850 745 1896 apud
774 1849 956 1886 Plautum
986 1848 1059 1895 Ep.
1096 1847 1190 1886 442.
1227 1847 1434 1886 strenuior.
1487 1847 1627 1886 Pseud.
1656 1859 1690 1886 v.
1723 1848 1804 1886 115

235 1907 514 1958 strenuissime,
545 1907 611 1954 qui
635 1906 892 1954 superlativus
917 1909 1045 1944 exstat
1069 1905 1186 1943 etiam
1210 1905 1316 1952 apud
1341 1903 1424 1943 Cat.
1447 1916 1478 1943 r.
1503 1916 1533 1943 r.
1557 1904 1680 1952 praef.
1705 1903 1742 1955 ξ.
1767 1905 1805 1944 4.

235 1965 359 2004 Lucil.
383 1963 487 2003 XVI.
512 1976 546 2004 v.
574 1966 638 2003 19.
662 1963 716 2003 M.
747 1964 838 2003 Sall.
864 1963 949 2002 Cat.
975 1963 1040 2010 61,
1069 1965 1104 2001 7.
1134 1962 1232 2000 Plin.
1258 1974 1293 2000 n.
1313 1962 1350 2001 h.
1372 1962 1436 2008 18,
1456 1963 1492 2001 6.
1524 1962 1613 2001 Tac.
1632 1962 1723 2000 hist.
1741 1961 1805 2009 IV,

236 2024 303 2064 69.
331 2023 467 2061 Front.
497 2022 548 2061 ad
577 2016 688 2061 a'mic.
718 2021 749 2068 I,
781 2022 817 2062 6.
859 2020 1022 2067 Eutrop.
1047 2020 1095 2066 X,
1121 2021 1158 2058 9.
1195 2019 1327 2066 Veget.
1357 2020 1394 2057 d.
1417 2030 1448 2057 r.
1473 2030 1522 2057 m.
1545 2019 1576 2067 I,
1601 2020 1639 2058 8.
1664 2041 1719 2047 —-
1743 2019 1803 2057 in-

236 2080 410 2120 dustrior
444 2079 570 2118 Plaut.
605 2080 722 2119 Most.
761 2079 853 2117 143.
901 2078 1001 2117 adde
1036 2077 1119 2115 Cat.
1157 2089 1211 2115 01.
1242 2075 1421 2115 XXXVI.
1458 2075 1505 2114 fr.
1537 2078 1562 2114 2
1591 2076 1702 2116 Jord.
1761 2076 1802 2116 C.

236 2138 435 2178 Gracchus
473 2149 530 2176 or.
561 2138 597 2175 9.
627 2136 681 2175 M.
716 2135 990 2184 patruissimus
1025 2134 1151 2172 Plaut.
1180 2133 1295 2173 Poen.
1333 2135 1376 2181 5,
1412 2134 1455 2180 4,
1487 2134 1553 2172 24.
1582 2156 1639 2163 -—
1667 2133 1802 2181 Longe

235 2195 404 2244 plurima
426 2195 545 2234 habet
563 2193 673 2233 Cato.
699 2205 754 2232 or.
772 2192 862 2239 ΧΠ,
881 2193 956 2231 1110.
975 2193 1054 2231 sed.
1073 2190 1121 2230 fr.
1142 2192 1176 2229 1.
1196 2191 1495 2239 perpetuissimo
1520 2191 1726 2230 curriculo.
1745 2203 1801 2230 or.

234 2251 419 2291 XXXIII.
444 2252 491 2290 fr.
513 2253 549 2291 1.
574 2251 812 2300 perpetuius.
838 2262 892 2289 or.
912 2249 984 2288 ΙΠ.
1005 2248 1240 2289 arduissimo
1260 2249 1380 2288 aditu.
1405 2248 1478 2294 inc.
1497 2248 1586 2287 libr.
1602 2247 1651 2287 fr.
1663 2246 1707 2287 '2.
1726 2249 1802 2287 iter

235 2310 409 2350 arduius.
435 2321 491 2349 or.
509 2310 558 2348 X.
582 2309 837 2348 innoxiorem.
877 2307 993 2355 Apud
1017 2306 1232 2345 Varronem
1262 2309 1352 2344 sunt
1377 2305 1690 2344 ‘assiduissimus’
1713 2318 1745 2345 r.
1769 2318 1800 2345 r.

238 2370 274 2415 2,
302 2369 338 2414 9,
366 2369 430 2407 16.
461 2368 525 2414 10,
552 2369 575 2406 6
599 2368 700 2406 adde
725 2366 802 2404 Cic.
819 2365 929 2403 Brut.
951 2365 1015 2411 91,
1034 2365 1127 2404 316.
1164 2364 1265 2402 Suet.
1284 2363 1383 2412 Aug.
1404 2361 1462 2402 71'
1477 2385 1528 2391 —-
1549 2367 1588 2402 et
1605 2363 1800 2402 ‘caesissi-

236 2426 332 2464 mus’
356 2426 380 2463 l.
399 2426 422 2463 l.
447 2425 484 2471 8,
506 2426 557 2463 76
580 2446 630 2452 -—
651 2425 779 2471 Apud.
804 2423 945 2462 Pacuv.
970 2426 1018 2460 tr.
1044 2434 1077 2460 v.
1103 2422 1198 2472 230,
1221 2420 1376 2460 Lucret.
1401 2421 1438 2467 4,
1463 2420 1556 2459 469.
1580 2420 1717 2459 Juven.
1737 2422 1800 2468 11,

240 2484 290 2520 12
328 2483 489 2529 1031111115
525 2482 727 2529 ‘egregius'
761 2492 833 2528 pro
870 2479 1088 2528 ‘egregiius'
1123 2483 1162 2517 et
1197 2477 1521 2526 egregiissimus&
1590 2478 1800 2516 Praeterea

237 2551 361 2587 pauca
396 2538 584 2586 reperies:
621 2539 760 2577 noxior
795 2539 900 2585 apud
931 2537 1062 2575 Senec.
1098 2537 1205 2574 clem.
1235 2536 1264 2582 Ι,
1297 2535 1362 2586 13,
1392 2536 1427 2573 2.
1459 2556 1512 2563 -
1543 2535 1799 2574 vacuissimus

237 2598 341 2644 apud
359 2596 427 2636 Ov.
445 2596 557 2635 Pont.
576 2596 649 2644 III,
670 2598 706 2643 1,
727 2595 819 2634 141.
842 2617 890 2623 —
912 2594 1184 2642 exiguissimus
1203 2593 1307 2641 apud
1325 2593 1439 2632 eund.
1451 2592 1532 2631 her.
1553 2593 1616 2640 14,
1632 2594 1724 2632 115.
1743 2614 1799 2622 -—

332 2745 356 2784 ι)
379 2754 410 2786 p.
436 2743 481 2777 64
505 2744 542 2775 1).
569 2743 627 2775 cfr.
652 2742 743 2775 Neue
770 2743 887 2774 Fon-ml.
915 2741 953 2783 ΙΙ,
978 2752 1009 2783 p.
1038 2741 1111 2776 106.
1138 2760 1181 2765 —

236 2836 303 2869 260
329 2789 534 2877 ffgqgrncgcr.
583 2789 664 2821 nist.
696 2790 788 2830 Sym.
820 2788 843 2830 1,
868 2799 898 2829 p.
925 2787 979 2819 22.
1010 2798 1082 2828 sqq.
1109 2805 1151 2810 ——
1177 2787 1268 2819 Neue
1298 2786 1337 2828 ll,
1366 2786 1429 2818 112
1459 2797 1532 2827 sqq.
1558 2785 1692 2818 Kiihner
1716 2786 1739 2828 1,
1763 2797 1794 2828 p.
