1924 3086
860 167 1143 212 „58-

211 279 289 316 Cat.
310 281 364 319 18,
385 280 415 313 8.
449 278 591 324 Quodni
611 278 768 314 Catilina
787 284 965 315 maturas,-

258 328 315 361 set
369 334 411 359 ro
436 325 536 359 curia
566 324 707 368 signum
734 325 839 360 sociis
865 325 963 364 dare,

258 381 300 406 eo
350 371 383 405 ie
411 373 495 414 post
525 369 708 404 conditam
739 369 864 405 urbem
893 370 965 406 Ro-

257 426 356 496 ifnan}
378 415 575 460 pessimum
605 414 746 451 facinus
777 420 963 461 patratum

275 472 338 496 ore
359 488 366 496 .

208 507 291 543 hist.
317 507 362 541 fr.
387 506 455 541 inc.
484 507 548 542 101
572 506 653 550 (70).
701 505 826 542 Rebus
851 516 963 552 supra

252 556 337 588 vota
361 551 568 587 fluentibus.

205 644 288 679 hist.
306 642 334 678 Ι.
354 644 397 677 41
416 643 496 684 (45),
517 644 559 676 11
587 663 630 668 -
648 643 805 688 populus
831 643 962 679 Roma-

252 699 320 724 nus
351 688 475 734 paullo
502 693 586 723 ante
611 689 774 733 gentium
797 689 961 725 modera-

251 738 320 774 tor,
345 738 478 769 exutus
501 733 651 779 imperio
676 735 792 779 gloria
815 736 906 770 iure.

204 825 287 860 hist.
313 825 339 859 Ι.
364 826 502 868 88,(98)
526 825 630 869 quasi
654 824 845 862 formidine
865 830 959 861 atto-

249 871 347 906 nitus
370 880 496 915 meque
521 871 641 906 animo
667 882 784 916 neque
809 872 958 908 auribus

250 920 313 951 aut
337 915 463 960 lingua
488 921 704 961 competere.

203 1008 280 1043 Cat.
306 1008 360 1048 58,
388 1009 431 1043 17
455 1007 609 1043 audacia
633 1018 698 1053 pro
726 1019 830 1043 muro
849 1009 958 1045 habe-

201 1058 336 1134 higgnl.
355 1100 398 1133 41
418 1100 498 1142 (45),
523 1102 566 1134 17
589 1099 686 1134 bona
705 1099 835 1134 civium
852 1100 957 1135 mise-

246 1155 372 1179 rorum
398 1145 525 1188 quasi
547 1145 810 1180 Cimbricam
829 1156 957 1190 prae-

248 1190 343 1225 dam
368 1200 500 1225 venum
525 1195 589 1225 aut
614 1190 710 1226 dono
736 1190 869 1226 datam.

201 1282 274 1318 hist
309 1281 352 1317 fr.
376 1283 447 1316 inc.
472 1283 516 1317 25
540 1282 616 1322 (III.
643 1283 700 1325 72)
734 1282 895 1326 patentis
919 1286 956 1317 et

247 1328 347 1372 pacis
372 1327 479 1362 modo
505 1327 638 1363 effusas
662 1328 797 1370 (urbis).

201 1373 283 1409 hist.
309 1373 445 1408 frsinc.
474 1375 518 1409 97
541 1375 611 1417 (66)
635 1393 678 1398 —
703 1378 744 1408 ut
768 1378 875 1408 tanta
898 1383 954 1408 re-

244 1424 355 1464 pente
386 1420 540 1454 mutatio
565 1430 638 1454 non
662 1419 739 1454 sine
765 1419 833 1455 deo
856 1419 952 1454 vide-

244 1469 356 1500 retur.
383 1485 427 1490 —-

198 1522 248 1566 Ig.
274 1523 328 1561 64,
349 1523 370 1556 2
394 1531 439 1556 ne
459 1532 570 1566 super
588 1520 775 1556 fortunam
794 1523 952 1557 animum

244 1571 395 1611 gereret.

201 1612 277 1648 Cat.
312 1615 370 1653 16,
395 1615 416 1647 2
446 1612 556 1648 fidem
593 1612 759 1648 fortunas
788 1614 951 1657 pericula

243 1659 327 1694 vilia
350 1659 496 1694 habere.
523 1680 565 1684 —
590 1659 671 1694 hist.
697 1659 742 1693 ΙΙ.
767 1660 810 1693 41
829 1661 908 1703 (50),
928 1662 948 1694 3

244 1704 331 1739 deos
362 1705 506 1749 penatis
536 1715 634 1740 meos
658 1705 887 1749 patriamque
912 1710 949 1740 et

243 1760 420 1785 summum
444 1751 635 1794 imperium
659 1751 744 1785 vilia
768 1751 895 1786 habeo.

196 1796 244 1839 Ig.
269 1797 325 1835 49,
350 1797 371 1829 2
396 1806 441 1830 ne
466 1796 658 1840 pauciores
684 1806 765 1830 cum
783 1796 949 1840 pluribus

241 1852 388 1876 manum
413 1846 660 1877 consererent.

195 1977 274 2012 Cat.
303 1979 364 2017 46,
397 1979 496 2012 1-2.
541 1978 670 2013 Omnia
699 1987 852 2022 propere
881 1987 947 2022 per

241 2023 422 2059 nuntios
446 2023 586 2059 consuli
612 2023 855 2058 declarantur.
897 2024 947 2058 At

239 2068 340 2103 illum
362 2069 490 2114 ingens
520 2080 624 2104 cura
654 2074 786 2113 atque
818 2068 946 2104 laeti-

240 2114 303 2148 tia
322 2114 428 2150 simul
448 2124 688 2159 occupavere:
708 2125 791 2149 nam
805 2115 946 2149 laeta-

241 2160 371 2194 batur
390 2164 426 2195 et
446 2171 478 2204 q.
499 2170 527 2195 s.
547 2181 590 2186 -
609 2171 716 2205 porro
737 2164 859 2195 autem
872 2170 946 2194 an-

238 2206 335 2241 xius
361 2210 470 2241 erat.
488 2226 533 2231 —-

191 2250 273 2286 hist.
292 2251 319 2287 I.
339 2253 384 2286 48
401 2251 482 2295 (515,
501 2254 521 2286 3
542 2261 580 2286 se
606 2262 624 2286 e
644 2254 854 2295 contempto
872 2261 946 2287 me-

236 2296 413 2331 tuendum
437 2296 566 2332 effecit.

192 2341 269 2379 Cat.
289 2344 344 2382 30,
364 2345 387 2377 4
411 2342 543 2387 quibus
567 2343 688 2378 omnia
710 2342 865 2379 honesta
891 2347 944 2378 at-

237 2398 308 2432 que
330 2388 524 2424 inhonesta
541 2388 697 2424 vendere
716 2398 794 2424 mos
813 2393 879 2425 est.
898 2409 942 2414 —

236 2434 286 2479 Ig.
312 2435 368 2474 eo,
394 2435 426 2469 5.
451 2454 494 2459 —
520 2437 575 2474 31,
603 2436 653 2469 12.
684 2455 720 2459 --

191 2479 239 2524 Ig.
266 2482 298 2519 6,
324 2482 355 2515 3.
393 2479 573 2515 Terrebat
597 2491 679 2515 eum
697 2484 831 2515 natura
849 2490 942 2515 mor-

236 2525 365 2560 talium
402 2525 507 2560 avida
541 2525 683 2570 imperii
718 2546 762 2551 —
798 2525 845 2560 ad
875 2526 943 2561 hoc

235 2570 358 2606 studia
388 2570 626 2606 Numidarum
659 2572 698 2606 in
729 2572 943 2616 Iugurtham

235 2626 399 2652 accensa.

187 2672 237 2717 Ig.
261 2674 318 2707 42.
344 2693 386 2699 --
413 2675 513 2718 Quae
534 2684 592 2709 res
610 2674 824 2719 plerumque
843 2683 938 2718 mag-

235 2729 300 2754 nas
331 2719 495 2755 civitates
527 2729 674 2764 pessum
705 2719 819 2763 dedit,
857 2719 941 2754 dum

233 2764 340 2799 alteri
365 2765 499 2800 alteros
525 2766 668 2800 vincere
689 2766 815 2810 quovis
834 2765 940 2800 modo

232 2816 270 2843 et
299 2810 412 2846 victos
444 2811 609 2846 acerbius
647 2811 773 2846 ulcisci
802 2811 940 2846 volunt.

188 2855 266 2890 Cat.
300 2857 352 2894 10,
387 2857 415 2889 1.
466 2855 536 2891 Sed
573 2856 633 2892 ubi
669 2856 794 2891 labore
830 2860 940 2900 atque

1008 284 1010 287 ’
1034 277 1096 313 ΙΙΙ.
1123 288 1152 312 c.
1176 279 1232 315 27.
1268 279 1311 314 Id
1334 280 1476 316 facinus
1501 286 1587 326 post
1605 283 1788 320 conditam

1079 324 1207 359 urbem
1267 325 1571 362 luctuosissimum
1625 328 1788 366 foedissi-

1080 371 1333 451 ffigffiqggcirieg
1362 371 1528 416 publicae
1558 373 1684 419 populi
1714 375 1786 411 Ro-

1305 427 1316 450 1
1336 443 1343 450 .

1009 537 1017 547 ,
1033 514 1062 539 c.
1077 505 1122 539 48
1141 506 1282 540 cunctis
1294 517 1404 551 super
1417 511 1502 543 vota
1518 507 1726 546 fluentibus.
1742 529 1786 536 —

1079 559 1162 586 ann.
1192 551 1271 586 XV.
1297 553 1318 586 5
1350 562 1416 588 nec
1446 555 1657 598 praesentia
1685 566 1787 600 pros-

1076 606 1163 641 pere
1187 596 1360 633 fluebant.
1387 618 1429 623 —
1456 598 1538 634 dial.
1564 601 1596 634 5.
1622 619 1665 625 —

1031 651 1060 676 c.
1086 643 1141 678 68.
1177 642 1384 678 Romanum
1402 644 1603 690 principem
1622 649 1659 680 et
1677 655 1783 691 gene-

1075 687 1125 723 ris
1156 687 1305 723 humani
1334 689 1458 734 paullo
1493 695 1579 725 ante
1604 690 1787 727 dominum

1076 733 1205 768 relicta
1231 733 1402 770 fortunae
1425 745 1514 771 suae
1534 735 1618 772 sede
1637 747 1703 781 per
1720 747 1784 782 po-

1075 778 1202 823 pulum
1219 789 1286 824 per
1305 781 1432 815 urbem
1451 781 1549 816 exire
1563 781 1606 816 de
1619 782 1780 827 imperio.

1029 834 1059 858 c.
1085 827 1127 859 73
1152 825 1252 860 velut
1276 831 1406 870 captus
1431 827 1539 862 animi
1565 837 1640 862 non
1657 828 1782 872 lingua

1075 880 1149 905 non
1184 871 1334 906 auribus
1371 878 1588 917 competere.
1620 893 1663 898 -
1696 884 1779 909 ann.

1074 915 1135 950 111.
1156 916 1200 952 46
1213 916 1386 961 oppidani
1406 928 1523 962 neque
1537 918 1650 954 oculis
1663 929 1782 964 neque

1074 962 1221 997 auribus
1241 963 1329 997 satis
1354 965 1619 1007 competebant.

1026 1006 1114 1042 ibid.
1139 1027 1182 1032 -
1207 1005 1396 1043 audaciam
1420 1019 1486 1054 pro
1511 1010 1655 1045 latebra
1673 1010 1783 1046 habe-

1072 1058 1165 1088 rent.

1027 1097 1085 1132 IV.
1112 1108 1140 1133 c.
1162 1100 1182 1132 2
1212 1099 1242 1134 is
1274 1100 1465 1143 pecuniam
1489 1099 1735 1146 familiamque
1761 1111 1780 1136 e

1070 1145 1244 1189 principis
1258 1144 1364 1179 domo
1379 1146 1784 1190 quasiCremonen-

1071 1200 1157 1224 sem
1194 1190 1406 1233 praedam
1447 1201 1588 1235 rapere.
1623 1212 1662 1217 —
1695 1202 1778 1227 ann.

1070 1235 1167 1270 XIII.
1196 1237 1248 1270 18.

1025 1283 1263 1361 (ιὲξᾶζαςοε
1300 1287 1336 1317 et
1371 1282 1472 1326 pacis
1507 1282 1613 1317 modo
1645 1283 1779 1319 effusos

1024 1381 1054 1406 c.
1081 1374 1125 1407 78
1149 1392 1193 1397 —
1219 1373 1382 1425 nec-sine
1402 1383 1468 1418 ope
1489 1372 1609 1408 divina
1629 1374 1778 1409 mutatis

1068 1423 1222 1462 repente
1245 1429 1384 1454 ammls.

1022 1520 1065 1555 V.
1080 1530 1109 1555 c.
1127 1522 1144 1554 1
1164 1526 1206 1555 ut
1224 1531 1333 1565 super
1352 1520 1537 1555 fortunam
1555 1521 1776 1557 crederetur.

1023 1622 1051 1646 c.
1071 1613 1092 1646 5
1110 1615 1283 1656 parentes
1301 1596 1433 1647 liberos
1454 1611 1588 1648 fratres
1607 1612 1691 1648 vilia
1708 1613 1772 1648 ha-

1065 1658 1162 1692 bere.
1182 1678 1224 1682 —
1245 1667 1328 1692 ann.
1347 1657 1425 1692 XII.
1449 1660 1492 1693 65
1512 1664 1643 1693 cuncta
1662 1669 1774 1703 regno

1066 1703 1195 1738 viliora
1218 1703 1362 1738 habere.

1020 1803 1050 1828 c.
1073 1794 1114 1828 16
1138 1794 1328 1838 pauciores
1353 1803 1470 1838 nuper
1494 1804 1575 1829 cum
1604 1795 1774 1839 pluribus

1066 1843 1237 1874 certasse.

1310 1907 1484 1942 Annales.

1017 1975 1045 2009 I.
1058 1985 1089 2010 c.
1102 1975 1158 2012 52.
1182 1974 1401 2010 Nuntiata
1419 1986 1462 2010 ea
1476 1975 1660 2012 Tiberium
1680 1977 1771 2012 lae-

1062 2021 1166 2056 titia
1202 2031 1393 2065 curaque
1429 2021 1607 2057 adfecere.
1659 2022 1770 2057 Gau-

1063 2066 1195 2102 debat
1219 2077 1432 2112 oppressam
1451 2066 1680 2108 seditionem
1706 2068 1771 2103 sed

1062 2113 1160 2156 quod
1189 2112 1386 2157 largiendis
1415 2113 1577 2157 pecuniis
1607 2113 1770 2148 favorem

1061 2158 1216 2193 militum
1237 2159 1486 2203 quaesivisset,
1507 2169 1588 2204 ang
1599 2160 1767 2195 ebatur.

1014 2260 1044 2284 c.
1065 2251 1109 2284 74
1128 2260 1146 2284 e
1166 2249 1384 2294 contemptis
1402 2249 1586 2285 metuendi
1606 2260 1654 2286 sc.
1669 2249 1768 2286 facti.

1013 2340 1058 2375 11.
1092 2351 1121 2375 c.
1153 2342 1197 2376 38
1236 2340 1366 2386 quibus
1402 2341 1522 2376 omnia
1559 2341 1767 2385 principum

1058 2386 1213 2422 honesta
1250 2391 1358 2430 atque
1394 2386 1585 2422 inhonesta
1616 2387 1767 2422 laudare

973 2466 978 2737 ἱ
1013 2443 1136 2513 ssiu?
1149 2438 1316 2513 {Stlffibil
1340 2482 1463 2512 tamen
1482 2477 1665 2513 Tiberium
1690 2488 1766 2513 ma-

1058 2524 1111 2569 gis
1141 2523 1347 2568 penetravit
1372 2533 1480 2567 quam
1506 2523 1626 2558 studia
1651 2523 1763 2559 homi-

1052 2580 1144 2622 num
1169 2578 1323 2604 accensa
1346 2569 1384 2603 in
1408 2569 1657 2614 Agrippinam.

1011 2682 1041 2707 c.
1060 2673 1114 2707 66.
1153 2671 1259 2716 Quod
1276 2672 1407 2707 multos
1428 2673 1537 2707 etiam
1554 2672 1669 2707 bonos
1682 2681 1764 2716 pes-

1056 2717 1251 2758 sumdedit,
1278 2718 1338 2762 qui
1363 2719 1511 2763 spretis,
1538 2727 1631 2762 quae
1657 2717 1763 2752 tarda

1057 2773 1136 2798 cum
1176 2763 1386 2802 securitate,
1428 2767 1663 2808 praematura
1706 2762 1762 2798 vel

1057 2819 1137 2843 cum
1161 2809 1271 2844 exitio
1295 2814 1505 2853 properant.

1009 2855 1069 2890 IV.
1087 2857 1115 2888 1.
1141 2853 1267 2890 Nonus
1281 2855 1424 2890 Tiberio
1439 2864 1555 2890 annus
1569 2859 1648 2889 erat
1662 2863 1755 2888 com-
