1950 3198
826 224 1107 267 ..35-

179 343 236 391 Ig.
260 344 327 389 43,
354 345 374 381 1
402 341 484 381 acri
508 341 593 381 viro
619 345 659 380 et
683 351 916 389 quamquam
941 341 1147 380 advorso
1178 342 1342 390 populi
1373 342 1595 390 partium,
1626 343 1760 381 adiec-

180 400 301 439 tivum
331 399 544 439 ‘advorsus’
573 410 646 446 pro
677 398 923 438 substantivo
954 399 1169 446 usurpavit.
1201 421 1254 427 —-
1288 399 1348 438 Ab
1374 398 1580 438 adiectivis
1607 398 1760 438 demum

118 460 122 464 “
181 457 382 504 genetivus
411 456 566 495 videtur
595 456 812 495 translatus
843 467 929 495 esse
959 457 1010 495 ad
1041 457 1178 502 verba,
1216 456 1272 495 ita
1303 456 1459 504 quidem
1491 460 1534 495 ut
1564 456 1762 504 pertineat

183 516 233 554 ad
258 513 416 553 nomina
439 514 479 551 in
502 513 633 552 verbis
657 513 833 559 latentia,
859 513 968 552 cuius
994 514 1052 552 rei
1076 517 1306 561 argumento
1333 517 1424 553 sunt
1448 514 1616 562 primum
1641 515 1761 554 verba

182 571 367 610 reflexiva
409 570 642 609 ‘meminisse
683 570 886 609 recordari
927 571 1138 609 reminisci’
1180 582 1392 620 eorumque
1433 571 1563 610 activa
1609 570 1760 610 ‘moneo

181 639 407 668 commoneo
442 628 632 667 admoneo
668 627 997 675 commonefacio’‚
1035 628 1174 667 deinde
1210 630 1331 668 verba
1362 631 1516 676 ‘cupere
1529 628 1556 678 ¹)
1585 628 1763 677 indigere

180 686 318 734 egere’‚
349 685 488 732 quibus
519 685 722 732 genetivus
752 685 982 732 adiungitur
1012 685 1176 733 perinde
1205 697 1251 724 ac
1282 687 1316 725 si
1347 686 1501 725 dicatur
1530 686 1760 734 ‘cupientem

183 742 419 790 indigentem
455 746 631 790 egentem
662 753 747 781 esse
776 743 942 782 alicuius
973 743 1052 781 rei’.
1112 743 1247 791 Neque
1276 744 1367 783 hinc
1396 744 1612 782 abhorrent
1642 745 1762 783 verba

185 800 472 848 impersonalia,
503 811 602 847 quae
630 804 833 847 vocantur,
863 801 982 848 ‘piget
1012 801 1134 848 pudet
1163 801 1338 848 paenitet
1362 802 1494 840 taedet
1519 801 1678 840 miseret
1702 814 1762 841 me

185 856 351 896 alicuius
382 857 440 895 rei
463 858 569 895 venit
593 857 690 895 mihi
714 858 753 895 in
779 861 944 896 mentem
971 857 1136 896 alicuius
1161 858 1243 906 rei',
1269 869 1369 905 quae
1393 859 1561 898 verbalis
1589 859 1761 898 notionis

187 915 350 953 multum
379 914 456 952 iam
487 918 678 953 exuerunt
708 916 1003 962 transituraque
1033 919 1123 954 sunt
1153 916 1204 954 ad
1235 915 1404 956 nomina.

298 972 374 1011 Sed
404 971 531 1010 redeo.
552 972 603 1010 ad
633 972 828 1011 adiectiva
839 971 878 1022 2),
910 983 1074 1020 quorum
1106 973 1154 1011 de
1184 976 1384 1012 structura
1415 984 1501 1011 cum
1533 974 1713 1021 genetivo
1739 986 1762 1012 a

186 1029 377 1068 sententia
413 1029 608 1067 communi
643 1029 776 1077 paullo
813 1030 1044 1068 recedimus.
1104 1030 1315 1070 Genetivus
1352 1031 1452 1069 enim
1484 1033 1535 1070 ad
1566 1031 1762 1070 adiectiva

183 1087 336 1125 accedit
365 1086 531 1134 primum
561 1098 646 1135 pro
678 1097 788 1126 casu
820 1087 1077 1133 obiectivo‚
1109 1087 1150 1127 id
1176 1089 1281 1134 quod
1305 1089 1383 1126 iam
1407 1088 1630 1136 Draegerus
1656 1092 1762 1128 recte

183 1142 442 1193 explicavit3)‚
473 1154 560 1182 cum
590 1144 761 1191 genetivi
792 1144 996 1183 adiectivis
1028 1144 1155 1183 additi
1185 1156 1298 1183 usum
1322 1146 1397 1184 hoc
1422 1147 1537 1185 modo
1565 1146 1760 1185 definiret:

183 1201 409 1247 „Adiectiva
432 1201 598 1239 relativa
621 1200 692 1240 mit
716 1202 803 1241 dem
828 1202 982 1249 genetiv
1000 1202 1235 1241 bezeichnen
1256 1204 1451 1242 entweder
1476 1204 1511 1253 a)
1535 1204 1609 1242 ein
1629 1207 1760 1242 tran-

184 1257 350 1297 sitives
382 1258 684 1297 VerhaItniss
716 1281 768 1286 -—
802 1260 897 1299 oder
932 1259 971 1309 b)
1007 1259 1093 1298 eine
1130 1259 1259 1299 blosse
1289 1260 1515 1308 Beziehung
1551 1261 1602 1300 im
1641 1262 1760 1311 Sinne

182 1315 288 1355 eines
327 1316 522 1355 ablativus
547 1316 791 1355 .relati0nis“.
824 1339 875 1344 -
909 1316 951 1355 Si
981 1316 1125 1356 dicitur
1155 1317 1374 1363 ‘brevitatis
1404 1318 1617 1358 studiosus’
1646 1317 1759 1357 ‘mili-

182 1372 262 1411 tiae
291 1373 481 1420 prudens,
519 1373 661 1420 sciens,
697 1374 874 1422 peritus’‚
911 1373 1160 1413 manifestum
1190 1378 1250 1414 est
1280 1375 1501 1422 genetivum
1531 1376 1761 1415 ‘brevitatis'

180 1430 368 1479 (militiae)
397 1441 529 1468 casum
560 1442 644 1470 esse
675 1431 833 1478 obiecti,
863 1432 972 1470 cuius
996 1431 1091 1478 vice,
1123 1432 1156 1470 si
1181 1432 1341 1471 additur
1366 1433 1601 1481 nominibus,
1632 1433 1760 1482 fungi-

183 1490 248 1525 tur
277 1487 492 1534 genetivus,
529 1488 562 1526 si
592 1488 734 1538 verbis,
764 1489 1020 1528 accusativus.
1079 1489 1286 1528 Adiectiva
1316 1502 1373 1537 ea,
1405 1491 1546 1538 quibus
1577 1491 1760 1538 adiungi-

182 1548 248 1582 tur
283 1545 484 1592 genetivus
521 1556 637 1584 sensu
675 1545 887 1592 obiectivo,
931 1547 1098 1585 solemus
1135 1547 1337 1586 nominare
1375 1549 1535 1596 proprie
1566 1548 1762 1588 adiectiva

182 1601 358 1640 relativa.
385 1613 447 1630 —·
465 1602 540 1640 Sed
565 1603 766 1650 genetivus
791 1603 942 1642 accedit
968 1604 1085 1642 etiam
1110 1605 1160 1643 ad
1186 1616 1232 1642 ea
1257 1605 1462 1652 adiectiva,
1489 1605 1629 1653 quibus
1656 1606 1758 1645 inest

184 1670 320 1697 sensus
350 1659 572 1706 absolutus,
602 1661 708 1699 velut
737 1664 852 1699 atrox
883 1661 964 1700 odii
994 1662 1123 1700 audax
1152 1661 1301 1709 ingenii
1331 1662 1443 1701 ferox
1474 1663 1662 1702 scelerum
1694 1663 1757 1702 in-

182 1719 291 1763 teger
325 1716 430 1754 vitae
465 1727 582 1764 aeger
617 1717 756 1764 animi,
798 1717 855 1756 ita
884 1721 928 1756 ut
958 1718 1160 1766 genetivus
1190 1719 1378 1758 ambitum
1409 1719 1593 1759 adiectivi
1623 1722 1756 1768 aliquo

181 1774 297 1813 modo
326 1773 506 1812 videatur
536 1773 705 1813 limitare
735 1778 774 1813 et
804 1786 995 1814 coercere.
1055 1775 1130 1814 Sed
1161 1788 1247 1815 cum
1273 1777 1495 1824 Draegerus
1526 1778 1610 1817 eius
1640 1790 1756 1826 gene-

181 1830 236 1869 ris
267 1831 485 1877 genetivum
517 1842 588 1878 pro
613 1832 786 1871 ablativo
811 1832 1015 1872 relationis
1040 1833 1245 1872 adiectivis
1268 1835 1426 1873 adnecti
1451 1835 1609 1882 diceret,
1639 1848 1755 1883 gene·

182 1887 285 1926 tivus
321 1888 406 1936 ipse
442 1888 660 1928 cuiusmodi
690 1893 793 1928 esset
823 1893 891 1928 aut
921 1890 1004 1929 eius
1035 1902 1127 1930 usus
1158 1892 1260 1930 unde
1290 1895 1394 1931 esset
1423 1892 1639 1940 profectus,
1677 1906 1755 1933 non

179 1945 398 1992 explicavit.
455 1945 664 1986 Kahnerus
699 1946 845 1994 aliique
875 1948 1074 1995 genetivos
1105 1949 1249 1987 ‘animi’
1278 1952 1317 1987 et
1347 1949 1517 1998 ‘ingenii'
1547 1962 1618 1998 pro
1651 1952 1755 1990 loca-

181 2002 272 2040 tivis
302 2002 515 2051 accipiunt:
546 2002 663 2042 immo
693 2004 793 2042 tales
823 2005 993 2052 genetivi
1018 2008 1124 2044 sunt
1149 2006 1357 2052 genetivi
1383 2008 1651 2047 subiectivi.
1701 2009 1756 2048 Ut

178 2059 280 2097 enim
317 2059 518 2107 genetivus
556 2060 683 2099 ‘vitae’
718 2061 876 2101 additus
918 2065 978 2101 est
1013 2063 1260 2102 substantivo
1301 2064 1548 2112 ‘integritas',
1591 2077 1753 2113 prorsus

179 2116 315 2155 eodem
349 2117 465 2156 modo
496 2117 663 2156 accessit
692 2117 810 2157 etiam
840 2119 890 2157 ad
922 2119 1156 2158 adiectivum
1187 2120 1379 2169 ‘integer’;
1416 2126 1460 2160 ut
1489 2122 1660 2170 ‘ingenii’
1683 2123 1753 2161 ad-

178 2185 318 2212 nexum
349 2178 408 2213 est
432 2175 677 2214 substantivo
707 2177 907 2224 ‘audacia',
938 2178 1052 2224 plane
1077 2179 1212 2216 eadem
1237 2178 1391 2218 ratione
1416 2179 1533 2218 etiam
1558 2180 1754 2219 adiectivo

180 2230 346 2278 ,audax’;
388 2242 512 2279 neque
547 2233 660 2270 aliter
697 2244 760 2272 res
798 2246 839 2272 se
876 2235 995 2273 habet
1025 2235 1073 2274 de
1102 2235 1300 2275 ‘ferocitas
1332 2237 1532 2275 scelerum’
1562 2241 1602 2276 et
1631 2237 1754 2276 ‘ferox

180 2288 394 2335 scelerum’‚
429 2290 491 2327 vel
527 2290 575 2329 de
610 2290 827 2337 ‘aegritudo
864 2291 995 2330 animi’
1026 2296 1064 2330 et
1094 2295 1223 2340 ‘aeger
1253 2293 1396 2332 animi'.
1457 2294 1558 2342 Quin
1589 2296 1754 2342 ‘integer

180 2344 294 2383 vitae’
331 2345 408 2384 dici
445 2358 523 2385 non
559 2347 688 2394 potuit
717 2348 794 2387 nisi
824 2352 987 2396 propter
1017 2350 1236 2397 ‘integritas
1266 2351 1393 2398 vitae',
1423 2353 1565 2390 ‘audax
1595 2352 1754 2400 ingenii'

178 2401 254 2440 nisi
290 2406 451 2450 propter
486 2404 663 2442 ‘audacia
691 2404 861 2452 ingenii'.
893 2428 944 2434 ——
979 2406 1054 2445 Sed
1090 2407 1152 2445 hic
1182 2408 1353 2455 genetivi
1390 2420 1506 2447 sensu
1537 2409 1752 2449 subiectivo

180 2470 265 2496 cum
307 2460 510 2499 adiectivis
553 2461 750 2500 coniuncti
787 2474 880 2501 usus
917 2463 1148 2503 insolentior
1181 2467 1286 2513 apud
1323 2469 1474 2504 veteres
1510 2478 1602 2504 raro
1639 2468 1752 2506 nobis

180 2515 317 2555 obvius
353 2520 428 2562 est,
469 2529 494 2556 a
524 2517 711 2557 Cicerone
746 2523 785 2558 et
815 2520 983 2559 Caesare
1018 2533 1181 2568 prorsus
1218 2522 1390 2570 reicitur,
1422 2523 1513 2562 inde
1544 2525 1698 2563 demum
1728 2537 1753 2562 a

179 2572 365 2613 Sallustio
400 2575 576 2622 augescit
611 2579 650 2613 et
686 2576 868 2623 quoniam
899 2589 924 2616 a
953 2578 1079 2626 poetis
1110 2579 1182 2618 sub
1212 2579 1391 2627 Augusto
1421 2580 1655 2619 florentibus
1686 2593 1752 2620 ex-

180 2630 306 2669 cultus
337 2634 407 2677 est,
437 2631 543 2679 apud
573 2633 803 2680 posterioris
833 2635 974 2674 aetatis
1000 2635 1132 2684 epicos
1157 2637 1367 2685 praecipue
1391 2639 1496 2686 apud
1522 2638 1688 2678 Statium
1714 2643 1751 2678 et

274 2788 299 2826 ¹)
322 2789 422 2821 Verbi
450 2788 590 2831 ‘cupere’
616 2800 691 2822 cum
716 2793 870 2832 genetivo
895 2798 1062 2827 structura
1088 2797 1254 2828 veteribus
1280 2801 1330 2829 est
1355 2797 1485 2828 usitata.

271 2835 298 2874 ²)
323 2835 436 2878 floltze
457 2834 479 2866 1.
507 2846 537 2876 p.
557 2835 622 2869 331
645 2842 675 2868 et
693 2837 861 2871 336—37.
894 2839 1040 2881 Draeger
1059 2840 1081 2872 Ι.
1103 2852 1132 2883 p.
1147 2842 1215 2876 436
1233 2853 1305 2884 sqq.
1338 2842 1473 2874 Kiihner
1487 2842 1527 2878 11.
1546 2843 1657 2884 p.319
1676 2854 1750 2885 sqq.

178 2880 285 2912 Haase
310 2880 349 2913 11.
375 2891 406 2922 p.
434 2881 476 2914 16
499 2891 572 2922 sqq.

271 2926 298 2968 ³)
322 2927 413 2968 Sym.
438 2926 506 2958 und
533 2927 592 2960 sti!
617 2927 676 2960 des
700 2928 778 2960 Tac.
802 2926 823 2973 ξ
850 2929 903 2963 71.

1491 2991 1540 3025 3*
