1950 3198
870 184 1148 226 -25-,

339 302 453 349 Verg.
473 303 566 342 Aen.
588 305 651 350 10,
671 304 764 342 481.
784 301 1025 350 penetrabile
1042 302 1171 340 telum.
1206 302 1301 341 Hor.
1315 313 1432 341 carm.
1450 302 1481 349 Ι,
1497 303 1532 349 3,
1548 304 1599 341 22
1614 303 1791 342 Oceanus

226 359 498 398 dissociabilis.
553 361 621 400 Ov.
650 373 684 399 a.
710 373 743 399 a.
776 361 848 407 ΙΙΙ,
881 361 961 400 675
996 362 1143 407 spectet
1178 360 1385 399 amabilius
1415 360 1591 399 iuvenem
1623 361 1792 408 suspiret

225 418 274 456 ab
312 417 390 455 imo
427 417 581 456 femina.
651 418 734 456 Liv.
772 419 836 464 31,
875 420 938 464 17,
975 418 1000 456 9
1037 417 1314 464 praeeuntibus
1355 418 1595 456 exsecrabile
1636 429 1790 457 carmen

226 475 506 513 sacerdotibus.
567 478 630 521 27,
662 477 726 522 23,
753 477 777 514 6
815 475 942 514 morbi
979 474 1262 521 perniciabiles.
1322 475 1423 514 adde
1458 474 1564 514 Curt.
1601 477 1637 521 7,
1669 476 1705 522 3,
1738 477 1789 515 13

226 532 291 570 nix
315 532 569 579 plurimorum
595 533 717 571 oculis
743 532 1009 580 perniciabilis
1033 531 1118 570 fuit.
1159 532 1249 571 Tac.
1274 544 1360 571 ann.
1385 532 1452 579 IV,
1478 533 1531 571 34
1555 532 1597 571 id
1622 533 1791 580 pernici-

225 590 327 627 abile
357 601 435 627 reo.
489 589 578 628 Tac.
616 602 703 629 ann.
733 590 824 636 XII,
850 592 900 630 67
935 589 1156 628 delectabili
1191 590 1334 628 boleto.
1360 612 1410 617 —
1438 590 1551 637 Apul.
1587 590 1694 628 herb.
1724 591 1791 629 59.

226 646 447 684 densabilis.
478 647 624 686 Arnob.
650 650 686 694 7,
713 649 766 687 28
791 646 1062 686 commeabiles
1086 658 1216 686 aurae.
1254 646 1363 686 Lact.
1383 647 1420 693 5,
1440 648 1504 694 23,
1524 648 1548 686 5
1576 647 1792 686 irritabilis.

226 704 346 741 Amm.
381 705 443 749 14,
477 706 540 750 11,
574 707 619 743 11
657 716 782 743 sermo
819 704 1040 743 adulabilis.
1095 705 1159 750 31,
1193 706 1256 751 12,
1288 707 1310 743 7
1344 705 1538 743 sententia
1571 705 1790 743 adulabilis.

227 783 276 788 ——
310 761 426 799 Prud.
451 762 583 808 apoth.
614 764 696 802 694
727 761 969 801 dubitabilis.
1011 761 1229 808 apertibilis
1261 761 1495 810 digestibilis
1525 762 1791 810 percussibilis

226 817 501 866 praefocabilis
532 821 637 866 apud
669 819 769 859 Cael.
794 819 888 858 Aur.
913 822 952 858 et
981 819 1070 857 alia.

341 875 377 925 2)
400 877 593 924 Quoniam
618 877 786 916 diximus
815 876 1097 916 adiectivorum
1128 877 1398 916 nonnullorum
1431 877 1478 915 de
1509 876 1793 923 significatione

224 933 352 971 activa
387 936 426 971 et
459 934 632 980 passiva,
668 935 842 981 sequitur
872 938 916 973 ut
951 934 992 972 in
1027 934 1359 982 comparationem
1388 945 1568 973 vocemus
1598 934 1792 973 adiectiva

223 990 389 1037 aliquot,
427 991 567 1038 quibus
599 991 805 1030 Sallustius
837 995 875 1030 et
905 991 1064 1030 Tacitus
1096 992 1232 1030 eodem
1263 992 1378 1031 modo
1411 1003 1563 1031 sensum
1595 992 1792 1031 subiciunt

224 1047 469 1095 singularem.

336 1105 399 1144 Ad
435 1106 566 1145 studia
600 1107 838 1146 Graecorum
875 1106 1087 1146 referemus
1122 1118 1235 1145 usum
1271 1106 1455 1146 adiectivi
1492 1106 1659 1146 ‘multus’
1695 1107 1791 1146 locis

223 1162 301 1208 his;
333 1163 422 1201 Sall.
453 1163 509 1210 Ig.
535 1165 601 1209 96,
629 1165 664 1202 2.
690 1165 729 1202 in
756 1165 950 1212 operibus,
981 1165 1022 1203 in
1052 1164 1206 1211 agmine
1235 1167 1352 1211 atque
1381 1165 1432 1203 ad
1462 1163 1618 1211 vigilias
1648 1164 1791 1203 multus

223 1221 373 1274 adesse.
420 1220 511 1259 Tac.
535 1222 629 1268 Agr.
655 1223 718 1261 20.
743 1224 886 1261 multus
917 1222 956 1260 in
987 1222 1151 1269 agmine.
1189 1221 1258 1259 cfr.
1281 1221 1416 1271 Polyb.
1441 1223 1478 1268 5,
1503 1222 1570 1268 49,
1597 1224 1619 1260 7
1652 1217 1792 1271 πολύς

223 1276 276 1332 ἠν
296 1275 410 1331 πρὸς
427 1284 526 1327 ταῖς
545 1285 862 1331 παρασκευαῖς.
893 1279 965 1318 His
984 1280 1080 1318 locis
1099 1279 1265 1317 ‘multus'
1278 1290 1350 1326 pro
1369 1279 1562 1318 adiectivo
1574 1278 1791 1326 ‘frequens’‚

226 1336 329 1381 quod
364 1335 497 1373 Latini
534 1336 590 1374 ita
625 1337 812 1376 adhibere
846 1338 970 1376 solent
981 1336 1019 1386 ¹),
1048 1337 1203 1376 videtur
1233 1340 1463 1385 usurpatum
1493 1348 1589 1375 esse.
1644 1337 1718 1375 Sed
1748 1340 1792 1375 ut

224 1393 329 1439 apud
372 1393 543 1432 Graecos
585 1390 725 1442 πολύς
770 1395 966 1434 interdum
1007 1395 1167 1433 eandem
1209 1392 1291 1433 fere
1337 1393 1534 1433 notionem
1580 1394 1699 1432 habet
1745 1405 1791 1432 ac

223 1450 361 1503 μέγας
395 1448 477 1499 (cfr.
507 1451 653 1489 Herod.
690 1454 725 1498 ’7,
759 1453 811 1491 14
843 1446 902 1501 ὥς
938 1450 1011 1492 καὶ
1046 1452 1183 1505 μέγας
1218 1450 1292 1492 καὶ
1329 1448 1496 1500 πολλὸς
1533 1447 1705 1505 ἐγένετο
1744 1447 1790 1492 ἐν

223 1503 357 1560 ὀλίγῳ
386 1504 553 1561 χρόνῳ),
585 1510 719 1547 eodem
750 1511 864 1549 modo
896 1510 1102 1548 Sallustius
1134 1509 1230 1548 dicit
1259 1509 1300 1547 in
1329 1509 1387 1557 Ig.
1411 1509 1477 1556 84,
1505 1510 1524 1547 1
1559 1509 1702 1548 multus
1731 1513 1790 1548 at-

225 1576 298 1611 que
327 1564 438 1603 ferox
468 1565 616 1604 instare
644 1562 798 1615 (πολὺς
823 1563 1052 1616 ἐνέκειτο.)
1083 1589 1137 1594 -

336 1622 487 1660 Deinde
517 1623 675 1661 confero
703 1624 797 1662 Sall.
828 1622 885 1672 Ig.
913 1625 976 1671 73,
1003 1626 1024 1662 1
1057 1625 1238 1662 Metellus
1268 1635 1404 1662 rursus
1434 1627 1631 1670 tamquam
1656 1625 1706 1662 ad
1730 1624 1789 1662 in-

223 1682 374 1725 tegrum
393 1680 535 1718 bellum
554 1685 694 1718 cuncta
711 1685 826 1729 parat
843 1681 1092 1729 festinatque.
1118 1681 1207 1719 Tac.
1226 1682 1316 1720 hist.
1335 1681 1386 1727 Π,
1407 1682 1459 1720 57
1481 1680 1660 1720 Vitellius
1678 1685 1722 1719 ut
1739 1683 1790 1721 ad

223 1733 418 1784 'integrum
436 1737 579 1775 bellum
593 1738 694 1776 vires
713 1740 908 1778 trahebat.
933 1751 1020 1778 ann.
1033 1739 1116 1785 XV,
1133 1740 1184 1778 18
1198 1738 1362 1786 ‘integro
1377 1739 1504 1777 adhuc
1516 1738 1640 1785 bello’,
1654 1739 1722 1778 ubi
1740 1740 1791 1778 ad

224 1795 438 1841 exemplum
457 1795 695 1834 locutionum
715 1795 928 1835 forensium
946 1799 1076 1835 ‘causa
1094 1797 1155 1835 vel
1172 1808 1235 1834 res
1255 1796 1419 1843 integra’
1437 1796 1630 1842 integrum
1648 1797 1791 1835 bellum

223 1852 422 1899 appellant
434 1853 578 1890 bellum
596 1854 768 1892 nondum
782 1853 1010 1893 confectum.
1036 1854 1222 1892 Similiter
1234 1854 1325 1892 Tac.
1338 1866 1427 1892 ann.
1440 1853 1506 1899 VI,
1519 1854 1575 1892 40
1587 1865 1672 1891 cum
1691 1856 1792 1892 tem-

222 1921 295 1956 pus
314 1913 510 1956 tamquam
524 1911 574 1948 ad
592 1910 785 1957 integram
799 1911 1123 1950 consultationem
1137 1911 1349 1959 petivisset.
1364 1933 1415 1939 -
1431 1911 1506 1950 Sed
1518 1910 1558 1948 in
1571 1923 1659 1949 ann.
1671 1911 1724 1957 Π,
1737 1912 1791 1951 46

221 1969 358 2013 ‘neque
376 1967 585 2014 paenitere,
605 1970 709 2015 quod
728 1970 901 2016 ipsorum
921 1970 962 2007 in
979 1981 1095 2007 manu
1110 1969 1172 2015 sit,
1189 1968 1383 2015 integrum
1397 1969 1582 2007 adversus
1593 1968 1792 2008 Romanos

223 2024 365 2062 bellum
396 2036 447 2062 an
476 2036 610 2071 pacem
641 2026 881 2064 incruentam
912 2026 1060 2064 malint'
1084 2026 1279 2073 integrum
1308 2026 1452 2064 bellum
1480 2025 1545 2063 vix
1575 2026 1682 2064 aliud
1707 2038 1792 2065 esse

223 2084 354 2128 potest
379 2092 492 2128 quam
517 2082 690 2120 bellu-m
715 2084 769 2121 de
793 2083 982 2130 integro
1009 2084 1285 2121 sumendum.
1321 2083 1582 2130 Nipperdeius
1606 2083 1681 2122 hoc
1704 2085 1791 2122 loco

223 2139 366 2176 bellum
391 2138 585 2186 integrum
610 2139 892 2188 interpretatur
916 2141 1002 2187 „ein
1026 2140 1159 2188 Krieg,
1190 2141 1328 2179 dessen
1351 2140 1646 2187 Entscheidung
1669 2142 1790 2180 durch

223 2195 361 2234 Nichts
398 2197 723 2243 compromittiert
757 2197 842 2243 ist“;
871 2209 1010 2236 vereor
1039 2209 1087 2236 ne
1121 2209 1199 2236 non
1235 2197 1331 2236 satis
1369 2197 1548 2237 dilucide.
1613 2197 1790 2237 Ceterum

225 2252 476 2291 conferantur
506 2253 614 2292 Curt.
651 2255 686 2301 9,
723 2256 761 2302 4,
794 2256 844 2293 15
883 2266 938 2302 sq.
995 2255 1094 2294 Inde
1122 2258 1278 2293 ventum
1314 2258 1374 2293 est
1403 2255 1443 2293 in
1479 2254 1659 2302 regiones
1689 2256 1792 2305 Oxy-

226 2311 431 2349 dracarum
454 2312 750 2359 Mallorumque,
782 2324 879 2360 quos
909 2312 1008 2351 alias
1039 2313 1185 2351 bellare
1210 2312 1312 2350 inter
1339 2324 1379 2351 se
1403 2312 1540 2351 solitos
1563 2316 1656 2350 tunc
1686 2313 1790 2360 peri—

225 2367 302 2406 culi
327 2368 494 2406 societas
519 2369 784 2408 coniunxerat.
810 2392 862 2398 -—
889 2370 941 2408 At
964 2371 1210 2416 Macedones,
1243 2369 1307 2416 qui
1334 2370 1436 2408 omni
1461 2369 1685 2408 discrimine
1714 2370 1791 2408 iam

226 2424 429 2464 defunctos
455 2437 496 2464 se
520 2438 605 2465 esse
630 2427 887 2473 crediderant,
912 2430 1118 2474 postquam
1143 2427 1375 2474 integrum
1395 2427 1564 2465 bellum
1585 2439 1670 2466 cum
1689 2428 1791 2466 fero-

226 2482 391 2521 cissimis
421 2483 560 2522 Indiae
596 2484 777 2531 gentibus
809 2496 1011 2532 superesse
1041 2487 1315 2531 cognoverunt,
1346 2506 1398 2511 —
1428 2495 1559 2531 regem
1588 2485 1792 2532 increpare

227 2543 447 2587 coeperunt.
473 2540 556 2579 Liv.
577 2542 640 2588 32,
663 2542 714 2580 17
741 2541 920 2580 Ceterum
945 2545 1151 2589 postquam
1170 2545 1283 2588 parte
1301 2542 1401 2579 muri
1419 2542 1608 2581 arietibus
1629 2542 1793 2580 decussa

226 2609 294 2644 per
330 2597 436 2644 ipsas
473 2598 606 2637 ruinas
641 2600 966 2638 transcenderunt
1001 2599 1041 2636 in
1071 2600 1207 2638 urbem
1237 2599 1393 2646 armati,
1431 2599 1527 2638 illud
1557 2599 1790 2647 principium

226 2655 351 2693 velut
382 2655 488 2693 novi
518 2659 563 2694 et
592 2656 770 2704 integri
801 2657 1006 2695 laboris’.
1036 2678 1090 2685 -

341 2712 497 2750 Servius
533 2713 583 2752 ad
614 2712 729 2761 Verg.
760 2714 902 2761 Georg.
949 2713 981 2752 Ι.
1005 2715 1058 2752 43
1090 2713 1227 2760 tradit,
1264 2712 1490 2751 Sallustium
1521 2713 1676 2752 solitum
1708 2726 1793 2753 esse

322 2848 346 2883 ¹)
370 2846 435 2879 Cio.
463 2858 511 2889 pr.
537 2849 631 2880 Rosa.
661 2850 733 2879 Am.
761 2849 812 2881 18.
840 2859 914 2880 oum
946 2849 1008 2881 istc
1039 2849 1194 2890 frequens
1219 2849 1343 2881 Romae
1375 2854 1472 2881 esset.
1498 2849 1576 2883 Tac.
1602 2859 1675 2881 ann.
1701 2848 1790 2892 XIII,

225 2894 278 2926 35.
306 2894 378 2934 ipse
403 2894 434 2925 in
461 2894 592 2934 agmine
618 2894 648 2925 in
675 2894 841 2926 laboribus
868 2894 1022 2936 frequens
1048 2895 1176 2928 adesse.
1202 2912 1245 2918 —
