1950 3198
835 163 1117 206 -15—

307 280 350 333 β)
378 279 714 328 importuosus.
762 279 854 319 Sall.
883 279 940 327 Ig.
973 282 1037 327 17,
1068 281 1106 318 5.
1148 279 1232 318 Liv.
1265 281 1329 326 10,
1355 281 1392 327 2,
1416 281 1454 318 4.
1497 280 1627 317 Sencc.
1659 290 1762 317 cons.

193 338 245 375 ad
274 337 383 376 Helv.
410 340 446 385 7,
470 338 508 376 8.
538 348 597 385 ep.
624 338 689 377 28.
730 337 829 376 Plin.
859 349 894 375 n.
925 338 961 375 h.
992 338 1031 385 4,
1058 338 1121 376 73.
1150 359 1200 365 -
1227 337 1319 376 Tac.
1343 348 1432 376 ann.
1462 337 1528 383 IV,
1554 338 1620 375 67.
1663 336 1761 374 Ρ1111.

193 405 252 442 ep.
282 395 320 441 6,
350 395 416 433 31.

307 450 346 505 γ)
377 452 538 490 1111111115.
597 451 687 491 Sall.
716 450 806 489 hist.
836 450 868 498 Ι,
893 452 946 489 48
971 450 1062 502 (51),
1094 453 1158 490 17.
1200 450 1285 490 Liv.
1311 451 1347 497 5,
1372 450 1438 497 45,
1466 453 1502 490 2.
1544 450 1643 489 Plin.
1665 462 1700 488 n.
1726 451 1763 488 h.

195 509 261 555 34,
289 509 380 548 139.
410 508 523 559 (Detl.
554 507 797 556 institutum).
838 509 929 547 Tac.
954 509 1044 548 hist.
1068 508 1142 555 ΠΙ,
1168 509 1232 547 76.
1262 519 1351 546 ann.
1375 507 1407 554 I,
1433 508 1499 547 38.
1529 507 1580 554 Π,
1601 508 1666 546 42.
1698 508 1763 555 IV,

195 566 232 604 3.
279 565 370 613 XII,
401 566 468 606 36.
497 567 547 605 al.
597 566 728 604 Aurel.
759 565 858 604 Vict.
892 567 1017 605 Amm.

307 621 345 674 δ)
370 623 533 671 inquies.
581 623 672 662 Sall.
696 622 785 662 hist.
809 622 841 670 Ι,
867 625 890 662 7
916 624 979 674 (8.)
1008 623 1039 670 Ι,
1064 623 1118 662 48
1137 623 1228 673 (51),
1250 624 1315 662 11.
1332 624 1400 661 16.
1430 622 1483 670 Π,
1504 623 1556 661 35
1576 623 1667 673 (45).
1697 622 1764 669 IV,

194 681 245 719 27
270 680 361 731 (60).
402 680 487 719 Liv.
512 692 572 728 ap.
596 680 696 719 Plin.
719 692 756 719 n.
780 680 817 718 h.
842 680 965 728 praef.
993 682 1044 720 16
1067 681 1132 730 (P).
1168 680 1264 719 Vell.
1291 682 1328 727 2,
1354 681 1420 727 68,
1445 680 1482 719 3.
1508 682 1573 727 77,
1599 681 1635 718 2.
1673 680 1763 718 Tac.

194 748 283 776 ann.
312 737 343 784 I,
374 738 440 776 65.
471 739 538 777 68.
570 738 632 777 74.
675 737 745 784 III,
776 738 814 776 4.
856 738 920 785 VI,
954 739 1016 777 18.
1059 738 1162 785 XVI,
1195 738 1259 776 14.
1316 738 1432 785 Apul.
1464 739 1501 784 2,
1534 739 1599 777 16.
1631 739 1667 784 9,
1698 737 1764 775 42.

192 795 439 834 Adiectivum
463 794 640 842 ‘inquies’
663 795 704 833 in
734 806 866 833 eorum
892 795 1175 834 adiectivorum
1199 807 1359 833 numero
1384 795 1605 834 habendum
1631 798 1701 842 est,
1725 795 1766 832 in

192 852 334 899 quibus
370 850 551 891 suffixum
586 856 646 891 -to
677 852 925 900 participiale
956 853 1201 892 debilitatum
1231 857 1291 891 est
1320 853 1361 890 in
1391 857 1443 899 -t,
1485 854 1589 900 quod
1619 852 1766 891 excidit

190 913 283 947 ante
307 921 324 948 s
344 910 532 956 litteram;
557 910 699 957 quibus
725 910 773 948 de
796 910 1080 949 adiectivorum
1106 910 1409 949 formationibus
1429 910 1680 958 Corssenusl)
1706 910 1763 947 in-

191 967 321 1005 stituit
353 968 620 1014 quaestionem
643 967 1000 1014 luculentissimam,
1025 968 1135 1006 cuius
1161 979 1349 1006 summam
1374 969 1596 1016 complexus
1621 972 1680 1006 est
1705 967 1766 1005 his

191 1024 322 1063 verbis
333 1023 378 1075 ²):
408 1024 477 1072 „In
502 1024 576 1063 den
603 1024 853 1072 Compositen
876 1026 1116 1073 locuple-t-s,
1141 1030 1390 1072 mansue-t-s,
1415 1026 1638 1074 indige-t-s,
1662 1036 1766 1063 caes-

191 1084 316 1130 pe-t-s
346 1083 426 1122 und
455 1082 495 1120 in
527 1083 600 1121 den
631 1082 835 1121 einfachen
858 1083 1095 1131 AdJektiven
1125 1083 1359 1130 damna-t-s,
1391 1086 1578 1130 sana-t-s‚
1608 1087 1765 1121 tere-t-s

191 1139 245 1177 ist
274 1139 346 1177 das
375 1139 726 1187 Participialsuffix
747 1143 808 1178 -to
839 1152 887 1178 zu
913 1144 951 1179 -t
981 1140 1248 1188 abgestumpft
1271 1142 1462 1180 worden.“
1516 1141 1617 1179 Num
1647 1140 1768 1179 verba

196 1201 410 1244 caespe-t-s
453 1200 493 1235 et
516 1195 681 1236 ⁷tere-t-s
717 1196 933 1236 Corssenus
975 1203 1079 1236 recte
1116 1198 1260 1237 dixerit
1294 1210 1380 1237 esse
1421 1198 1638 1246 composita
1680 1209 1766 1236 cum

193 1251 408 1292 suffixo-to
447 1265 525 1292 non
555 1266 681 1293 meum
711 1258 772 1293 est
801 1266 1005 1302 quaerere;
1043 1266 1167 1303 neque
1198 1257 1245 1295 de
1274 1256 1468 1294 adiectivo
1499 1255 1674 1302 ‘indiges‘
1704 1267 1766 1293 res

197 1314 306 1349 certa
335 1311 490 1350 videtur
526 1323 623 1350 esse.
695 1312 773 1351 Sed
808 1313 1003 1351 adiectiva
1036 1312 1232 1362 ‘locuples’
1269 1314 1472 1352 ‘mansues'
1507 1313 1694 1360 ‚damnas'
1728 1316 1768 1350 et

192 1368 332 1407 ‘sanas'
361 1369 455 1416 quin
491 1369 543 1407 sit
571 1369 797 1418 participia,
828 1370 893 1408 vix
924 1370 1127 1418 quisquam
1159 1372 1367 1410 dubitabit.
1426 1371 1514 1409 Huc
1549 1371 1671 1418 igitur
1706 1382 1767 1408 re·

192 1425 354 1464 ferenda
383 1437 468 1465 esse
498 1430 593 1474 puto
624 1427 742 1465 etiam
765 1427 961 1466 adiectiva
984 1428 1118 1476 ‘quies’
1142 1432 1180 1467 et
1205 1429 1391 1477 ‘inquies'.
1439 1428 1646 1466 Eiusmodi
1676 1439 1766 1476 par·

193 1483 417 1530 ticipiorum
436 1483 691 1524 formationes
716 1484 881 1523 maxime
900 1486 1098 1525 veteribus
1117 1486 1306 1534 probatas
1330 1486 1450 1524 fuisse
1475 1497 1523 1524 ex
1541 1498 1613 1524 usu
1633 1497 1766 1523 eorum

192 1544 374 1588 apparet;
410 1552 499 1579 nam
534 1545 578 1579 ut
612 1542 785 1590 locuples
816 1543 987 1590 duravit,
1032 1543 1089 1582 ita
1124 1548 1255 1582 cetera
1291 1556 1368 1582 non
1404 1544 1653 1582 inveniuntur
1691 1543 1766 1581 nisi

194 1598 300 1646 apud
330 1603 479 1637 veteres
510 1610 721 1646 eorumque
751 1603 976 1639 sectatores:

306 1666 531 1695 mansues.
588 1656 713 1695 Plaut.
748 1657 856 1696 Asin.
897 1658 991 1698 145.
1039 1658 1122 1697 Cat.
1159 1659 1273 1706 epist.
1304 1658 1351 1696 fr.
1388 1658 1423 1699 7.
1454 1658 1565 1697 Jord.
1596 1659 1685 1696 Acc.
1716 1657 1764 1695 fr.

194 1713 288 1752 453.
348 1712 461 1752 Varr.
491 1717 564 1752 sat.
594 1714 697 1752 Men.
730 1715 823 1754 364.
889 1715 986 1754 Gell.
1017 1717 1055 1763 5,
1088 1717 1152 1763 14,
1184 1718 1232 1755 21
1269 1720 1308 1754 61
1337 1717 1493 1764 saepius
1524 1716 1629 1763 apud
1658 1716 1766 1763 Apu-

191 1770 319 1808 leium.
350 1792 403 1798 —

306 1827 494 1866 damnas
524 1832 584 1867 est
614 1839 689 1868 vox
718 1829 846 1876 legum
877 1830 1050 1878 propria.

308 1896 447 1924 sanas
477 1889 606 1924 exstat
635 1886 676 1924 in
706 1886 912 1926 duodecim
942 1888 1088 1927 tabulis
1118 1887 1311 1939 (sanates).

307 1942 452 1991 quies.
483 1965 535 1971 —
567 1943 687 1984 Naev.
718 1944 806 1983 bell.
837 1956 927 1993 pun.
960 1945 1028 1985 lib.
1060 1947 1096 1984 2.
1129 1944 1178 1984 fr.
1210 1947 1246 1984 1.
1277 1967 1329 1974 -
1362 1945 1486 1984 Licin.
1507 1946 1653 1985 Macer.
1677 1957 1766 1984 ann.

191 1999 239 2038 fr.
270 2001 307 2040 7.
336 2000 379 2038 P.

306 2058 495 2106 inquies
526 2080 579 2086 -
610 2059 687 2099 vid.
716 2070 821 2108 supr.
855 2084 908 2090 —

308 2114 342 2166 ε)
371 2115 707 2166 incelebratus
766 2117 857 2156 Sall.
889 2118 978 2158 hist.
1007 2117 1039 2165 Ι,
1071 2118 1124 2158 55
1154 2117 1244 2168 (57).
1303 2117 1394 2157 Tac.
1424 2129 1514 2157 ann.
1544 2117 1609 2165 VI,
1641 2120 1678 2157 7.

307 2170 343 2224 ζ)
369 2169 658 2220 impollutus.
689 2174 780 2214 Sall.
811 2174 902 2214 hist.
931 2175 962 2222 I,
998 2176 1049 2213 41
1082 2174 1173 2226 (45),
1206 2176 1269 2214 11.
1330 2175 1397 2214 Sil.
1431 2176 1495 2223 13,
1526 2177 1620 2215 679.
1673 2175 1763 2213 Tac.

193 2239 280 2269 ann.
309 2229 414 2277 XIV,
437 2230 504 2270 35.
532 2230 638 2279 XVI,
663 2232 730 2271 26.

307 2289 348 2343 η)
377 2287 596 2328 intectus.
643 2288 735 2328 Sall.
764 2289 854 2328 hist.
884 2289 936 2337 ΙΙ,
962 2291 1013 2328 21
1039 2289 1120 2340 (27)
1145 2291 1292 2330 domus.
1317 2290 1406 2329 hist.
1431 2289 1479 2329 fr.
1504 2290 1576 2328 inc.
1605 2290 1656 2328 18
1680 2288 1764 2340 (III,

195 2342 274 2393 57.)
296 2348 427 2385 cetera
447 2345 500 2396 (‘?)
523 2345 708 2384 intectum
733 2357 886 2394 corpus.
907 2348 980 2386 inc.
1000 2349 1066 2386 59.
1090 2348 1171 2397 (25)
1195 2359 1373 2395 corpora.
1421 2348 1552 2386 Senec.
1578 2348 1625 2385 de
1656 2358 1764 2394 prov.

195 2401 261 2448 IV,
286 2401 385 2452 13.3)
414 2402 504 2441 Tac.
528 2402 656 2442 Germ.
684 2405 748 2442 17.
772 2408 902 2443 cetera
932 2405 1078 2443 intecti.
1108 2405 1198 2444 hist.
1227 2405 1294 2453 IV,
1319 2406 1385 2443 46.
1416 2416 1590 2452 corpore.
1623 2406 1687 2443 77.
1712 2404 1763 2442 id.

196 2458 241 2506 V,
266 2460 334 2512 22.
367 2470 456 2498 ann.
479 2459 532 2507 Π,
550 2461 602 2499 59
629 2460 806 2508 pedibus.
837 2461 906 2508 III,
926 2463 978 2501 41
1000 2462 1138 2510 capite.
1179 2474 1268 2501 ann.
1285 2462 1351 2509 IV,
1374 2465 1407 2501 1.
1438 2461 1548 2507 XIII,
1569 2462 1634 2499 35.
1664 2461 1763 2499 Plin.

197 2526 255 2563 ep.
296 2516 411 2564 Apul.
437 2520 527 2555 met.
551 2517 590 2569 3,
614 2519 679 2557 20.
712 2519 748 2565 9,
775 2520 839 2557 20.
871 2520 936 2558 30.
962 2520 1027 2558 32.
1062 2521 1125 2567 10,
1151 2520 1217 2558 31.
1258 2520 1352 2558 Aur.
1378 2520 1476 2558 Vict.
1501 2518 1611 2557 Caes.
1636 2520 1700 2564 21,
1727 2519 1763 2556 3.

196 2573 320 2613 Α111111.
347 2575 411 2621 19,
437 2575 502 2620 11,
529 2576 593 2614 15.
634 2575 700 2622 23,
725 2576 762 2622 6,
786 2577 852 2615 84.
877 2599 931 2605 -

312 2630 356 2676 b)
384 2630 443 2670 De
474 2630 775 2672 adieetivorum
804 2633 1017 2685 gradibus.
1049 2655 1100 2663 —
1133 2635 1191 2672 Ac
1222 2634 1387 2681 primum
1418 2634 1467 2672 ad
1499 2633 1762 2680 quaestionem

290 2778 318 2844 ζ)
342 2778 422 2810 Krit.
447 2777 579 2810 Nachtr.
605 2788 664 2810 zur
689 2779 742 2811 lat.
768 2779 999 2813 Formenlehre
1023 2792 1054 2823 p.
1081 2780 1147 2814 253
1172 2790 1244 2822 sqq.

293 2825 319 2912 δὲ
341 2825 372 2902 ¹Is
387 2823 708 2910 ¹iugi-113215317w'1egerum
731 2872 786 2911 [ad
812 2882 886 2904 ann.
912 2872 948 2914 11,
974 2872 1028 2905 59.
1053 2872 1112 2914 lv,
1135 2873 1166 2912 1]
1190 2871 1285 2913 sugit.
