1950 3198
883 164 1165 207 ...33-

238 280 449 319 Genetivus
475 280 596 328 igitur
623 280 767 319 ‘animi'
792 290 816 317 a
840 279 1035 327 principio
1060 292 1138 319 non
1164 284 1222 319 est
1247 281 1346 320 alius
1368 282 1533 329 generis,
1559 282 1591 320 si
1612 282 1815 322 adiectivis

239 341 278 376 et
302 338 431 376 verbis
457 338 628 384 additur,
654 349 699 376 ac
726 338 759 375 si
778 337 829 375 ad
849 337 1094 376 substantiva
1114 339 1279 385 accedit,
1305 339 1444 386 quibus
1464 350 1578 378 sensu
1599 339 1814 378 subiectivo

238 395 478 442 adiungitur.
539 394 615 432 Sed
651 395 685 432 is
724 393 894 441 genetivi
929 406 1023 432 usus
1060 406 1146 433 cum
1183 395 1300 433 semel
1337 399 1438 434 esset
1468 396 1667 443 inductus,
1698 396 1815 435 etiam

238 452 355 490 latius
387 452 527 499 patuit.
587 451 799 491 Genetivus
829 451 972 489 ‘animi’
1002 451 1087 500 ipse
1118 452 1253 499 quanti
1283 453 1468 491 momenti
1498 453 1619 491 fuerit
1648 454 1698 491 ad
1730 465 1815 491 eum

238 509 565 556 amplificandum,
596 509 722 546 elucet
751 509 884 546 multis
915 520 963 546 ex
987 509 1172 556 exemplis
1197 510 1303 547 velut
1329 510 1418 548 Sall.
1444 509 1532 548 hist.
1558 509 1630 548 III.
1660 511 1711 548 13
1737 512 1818 559 (10)

238 566 375 613 ingens
406 565 491 613 ipse
522 565 662 603 virium
694 569 812 612 atque
837 566 957 604 animi
972 565 1008 614 ¹),
1046 577 1161 613 quam
1186 567 1369 606 adiectivi
1394 567 1554 613 ‘ingens'
1580 570 1815 606 structuram

239 623 414 661 imitatus
453 626 512 660 est
541 622 700 662 Tacitus
736 622 828 661 hist.
858 621 925 670 IV,
956 624 1009 662 66
1046 623 1184 671 ingens
1220 635 1350 662 rerum
1388 623 1534 662 Civilis.
1581 635 1668 662 ann.
1700 624 1731 671 Ι,
1762 626 1814 663 69

238 679 383 717 femina
418 679 555 726 ingens
591 679 727 726 animi;
770 680 830 718 vel
868 680 935 719 Sil.
968 681 1011 727 8,
1043 682 1094 720 17
1133 681 1410 728 Vaniloquum,
1448 680 1595 727 Celtae,
1626 691 1747 728 genus
1778 685 1817 719 et

238 737 426 775 mutabile
464 737 616 775 mentis.
668 737 805 783 Neque
834 738 967 776 ‘durus
999 738 1080 776 oris
1111 738 1245 785 equus'
1274 738 1356 789 (Ov.
1386 750 1460 776 am.
1492 740 1528 785 2,
1559 739 1596 785 9,
1622 739 1698 785 30),
1734 738 1816 776 ‘fla-

237 805 307 832 vus
350 794 559 832 comarum'
593 794 673 841 (Sil.
710 795 753 841 9,
790 794 887 845 414)
929 795 1003 832 huc
1046 807 1123 833 non
1159 796 1441 834 revocabimus.
1499 795 1609 833 Alias
1646 795 1815 842 genetivi

239 851 444 889 adiectivis
480 851 607 890 additi
643 862 800 890 causam
838 862 923 890 esse
958 853 1209 899 repetendam
1247 864 1270 890 a
1301 853 1556 891 substantivis
1587 852 1665 890 iam
1696 864 1815 900 supra

239 908 373 946 monui
403 908 509 946 velut
538 908 690 956 integer
721 908 818 956 aevi,
848 909 952 947 vitae
982 910 1030 947 al.
1063 931 1113 937 -—

353 965 608 1004 Locutionem
651 965 814 1013 ‘integer
852 966 949 1005 aevi'
990 966 1068 1005 iam
1105 967 1274 1005 Ennium
1311 971 1371 1014 (tr.
1407 979 1442 1005 v.
1473 966 1570 1016 403)
1605 978 1816 1014 usurpasse

237 1022 361 1060 tradit
392 1022 551 1061 Servius
583 1023 631 1061 ad
664 1022 781 1071 Verg.
812 1023 907 1062 Aen.
939 1024 976 1070 3,
998 1023 1103 1063 255.
1162 1023 1373 1063 Praeterea
1402 1025 1508 1071 apud
1538 1027 1688 1062 veteres
1720 1024 1817 1062 nihil

236 1079 382 1126 inveni,
421 1080 525 1127 quod
561 1081 638 1118 huc
673 1081 799 1127 possit
834 1080 975 1119 referri
1011 1092 1136 1128 neque
1171 1092 1316 1120 aureae
1345 1082 1487 1120 aetatis
1519 1081 1730 1128 scriptores
1766 1082 1815 1119 ab

238 1137 312 1175 hoc
350 1136 520 1184 genetivi
557 1149 630 1175 usu
669 1149 710 1175 se
741 1150 819 1176 non
849 1138 1142 1184 abstinuerunt,
1184 1138 1261 1176 nisi
1292 1139 1395 1186 quod
1426 1138 1563 1177 Cicero
1595 1139 1814 1186 genetivum

238 1194 381 1232 ‘animi’
406 1194 609 1232 coniunxit
635 1206 720 1232 cum
745 1195 874 1234 verbis
899 1197 953 1233 ‘se
977 1196 1133 1242 angere’
1157 1199 1196 1234 et
1219 1196 1426 1243 ‘pendere’.
1475 1196 1550 1234 Sed
1575 1196 1666 1234 inde
1690 1207 1714 1233 a
1733 1195 1816 1233 Sal—

237 1251 357 1288 lustio
388 1251 429 1288 in
460 1251 543 1289 dies
573 1252 698 1298 magis
723 1251 1000 1300 amplificatum
1030 1253 1194 1299 legimus
1219 1253 1321 1290 enim
1346 1254 1451 1301 apud
1476 1253 1701 1291 Sallustium
1726 1253 1816 1291 hist.

238 1307 310 1346 III.
339 1309 391 1347 75
417 1308 507 1358 (92).
548 1308 614 1346 IV.
642 1310 693 1348 72
719 1308 801 1359 (75)
827 1309 999 1348 incertus
1025 1309 1156 1347 animi.
1187 1310 1276 1348 hist.
1301 1309 1353 1348 II.
1380 1311 1432 1348 92
1451 1310 1531 1360 (93)
1551 1313 1665 1348 atrox
1686 1310 1816 1348 animi.

237 1364 311 1403 III.
346 1366 398 1403 17
422 1365 504 1415 (15)
527 1364 703 1404 firmatus
729 1367 848 1404 animi
860 1366 899 1417 2).
941 1366 1008 1405 IV.
1035 1368 1086 1405 27
1113 1366 1194 1416 (60)
1217 1367 1368 1414 inquies
1394 1367 1524 1405 animi.
1566 1367 1633 1405 IV.
1660 1369 1709 1406 71
1738 1368 1818 1415 (74)

238 1422 380 1460 nimius
411 1422 541 1460 animi.
584 1422 650 1461 IV.
678 1425 727 1463 71
754 1424 835 1473 (74)
860 1427 898 1462 et
925 1425 983 1463 72
1001 1424 1082 1474 (75)
1106 1424 1243 1463 anxius
1269 1424 1400 1462 animi.
1442 1425 1532 1462 hist.
1556 1424 1605 1463 fr.
1630 1424 1705 1462 inc.
1734 1425 1815 1462 114

235 1479 345 1530 (113)
380 1479 611 1518 immodicus
649 1480 781 1519 animi.
834 1481 900 1518 IV.
932 1482 985 1519 49
1016 1481 1069 1531 (7)
1098 1475 1308 1520 exterritus
1339 1481 1532 1531 animi(?).
1593 1481 1816 1529 Sequuntur

237 1547 323 1574 eum
360 1541 399 1574 et
435 1541 575 1584 poetas
617 1541 656 1576 et
685 1538 880 1585 pedestris
913 1538 1107 1582 orationis,
1136 1538 1349 1586 scriptores
1379 1539 1454 1577 hoc
1485 1539 1525 1576 in
1555 1550 1640 1578 usu.
1698 1539 1815 1586 Apud

237 1593 453 1641 Vergilium
495 1595 667 1641 reperies
713 1598 857 1634 ‘amens
893 1595 1016 1635 fidens
1054 1595 1191 1633 infelix
1227 1596 1378 1642 integer
1413 1600 1590 1634 maturus
1627 1607 1815 1643 praeceps

238 1650 418 1699 egregius
449 1651 592 1689 animi'.
642 1652 718 1691 Sed
748 1657 888 1700 poetae
918 1653 1035 1691 etiam
1060 1653 1215 1700 longius
1241 1653 1547 1701 progrediuntur
1570 1654 1674 1691 velut
1699 1653 1812 1699 Verg,

237 1710 331 1746 Aen.
364 1709 400 1755 5,
433 1709 486 1747 73
518 1709 605 1747 aevi
636 1713 823 1748 maturus.
868 1712 904 1756 9,
932 1711 1012 1748 255
1045 1709 1196 1757 integer
1222 1710 1319 1749 aevi.
1366 1710 1462 1749 Hor.
1489 1721 1606 1748 carm.
1636 1712 1672 1757 1,
1698 1712 1763 1757 22,
1791 1712 1810 1747 1

237 1767 388 1812 integer
418 1765 522 1804 vitae
594 1766 662 1804 Ov.
693 1771 780 1805 met.
812 1768 850 1814 9,
875 1767 954 1805 441
989 1767 1141 1814 integer
1165 1768 1263 1806 aevi.
1312 1767 1409 1806 Stat.
1435 1767 1556 1806 Theb.
1584 1769 1619 1814 1,
1644 1768 1729 1805 414
1754 1768 1813 1805 in-

236 1827 346 1870 teger
382 1834 584 1861 annorum.
632 1823 727 1863 Hor.
759 1828 831 1862 sat.
864 1826 900 1870 2,
932 1826 968 1871 2,
1000 1825 1054 1863 60
1084 1824 1202 1863 miser
1233 1826 1371 1863 cultus.
1421 1824 1490 1863 Ov.
1516 1836 1589 1863 am.
1621 1826 1659 1871 2,
1691 1826 1727 1871 9,
1759 1825 1814 1863 30

239 1881 359 1919 durus
385 1880 465 1918 oris
491 1891 623 1927 equus.
649 1884 737 1919 met.
763 1883 800 1927 8,
821 1883 902 1921 612
924 1881 1066 1919 mentis
1085 1881 1207 1920 ferox.
1238 1881 1318 1920 fast
1337 1883 1374 1928 6,
1394 1883 1475 1921 572
1497 1882 1639 1920 dubius
1660 1882 1812 1920 mentis.

239 1936 418 1975 Omnium
449 1941 579 1975 autem
615 1938 867 1977 audacissimi
905 1942 995 1976 sunt
1024 1939 1257 1985 posterioris
1289 1938 1430 1976 aetatis
1462 1939 1563 1986 epici
1594 1938 1743 1976 Statius
1774 1943 1811 1977 et

239 1993 356 2032 Silius
386 1993 566 2032 Italicus:
598 1995 695 2033 Stat.
728 1995 812 2034 silv.
845 1996 881 2042 2,
913 1996 949 2042 3,
983 1996 1034 2034 72
1065 1995 1209 2034 florens
1241 1995 1360 2034 animi
1389 2007 1616 2043 morumque
1642 1996 1811 2034 iuventa.

241 2052 277 2096 3,
310 2052 346 2098 2,
378 2051 432 2089 64
463 2052 592 2090 audax
622 2051 781 2099 ingenii.
813 2052 933 2090 Theb.
961 2053 996 2099 3,
1022 2053 1076 2091 99
1103 2053 1282 2099 egregius
1307 2052 1381 2091 fati
1406 2053 1634 2101 mentisque.
1667 2055 1703 2100 7,
1729 2054 1807 2091 301

239 2108 420 2156 improba
457 2109 652 2147 connubii.
714 2109 780 2147 Sil.
819 2110 861 2156 1,
899 2110 952 2148 56
991 2109 1148 2148 sinister
1183 2108 1286 2149 fidei.
1337 2111 1379 2156 3,
1411 2111 1492 2149 253
1530 2121 1674 2158 pravus
1710 2109 1813 2149 fidei.

239 2177 272 2203 v.
300 2166 383 2203 380
413 2165 566 2211 fragilis
592 2165 688 2204 aevi.
715 2178 750 2205 v.
776 2166 859 2205 404
885 2167 1067 2214 aequales
1092 2167 1189 2206 aevi.
1232 2168 1269 2214 4,
1295 2168 1350 2206 50
1375 2167 1520 2206 fluxam
1543 2179 1696 2205 morum
1721 2179 1812 2215 gen-

238 2226 327 2260 tem.
370 2234 403 2260 V.
431 2222 514 2260 370
546 2223 687 2262 aetatis
713 2223 930 2271 mentisque
953 2235 1079 2271 pares.
1111 2225 1148 2271 5,
1176 2227 1225 2263 77
1255 2224 1433 2271 egregius
1459 2225 1627 2272 linguae.
1669 2237 1704 2263 ν.
1730 2226 1811 2263 563

239 2279 499 2317 viridissimus
536 2279 629 2318 irae.
690 2281 732 2327 8,
765 2282 848 2319 570
872 2281 1052 2319 Bruttius
1091 2282 1194 2320 haud
1231 2282 1366 2328 dispar
1402 2282 1632 2321 animorum.
1662 2294 1696 2320 v.
1730 2283 1807 2320 261

239 2347 383 2383 pravus
413 2339 541 2383 togae.
583 2339 620 2384 9,
652 2338 735 2375 414
765 2337 889 2376 flavus
914 2349 1122 2376 comarum.
1164 2351 1197 2377 v.
1230 2340 1310 2377 636
1343 2340 1474 2386 plebes
1504 2351 1627 2386 prava
1655 2338 1814 2377 favoris.

242 2395 304 2440 12,
335 2394 416 2432 417
449 2394 630 2433 turbidus
662 2395 755 2434 irae.
786 2407 819 2433 v,
852 2395 933 2434 482
959 2395 1140 2434 floridior
1164 2396 1260 2434 aevi.
1300 2397 1364 2443 13,
1396 2397 1478 2434 214
1510 2395 1691 2434 turbidus
1717 2397 1813 2434 ausi.

241 2452 310 2496 14,
343 2452 423 2489 269
459 2451 650 2490 clamosus
682 2453 809 2490 undae
839 2453 1018 2490 Helorus.
1070 2454 1133 2499 15,
1164 2454 1248 2491 504
1278 2454 1381 2491 Arar
1411 2454 1644 2500 pigerrimus
1675 2455 1814 2492 undae.

242 2509 306 2554 17,
331 2508 414 2545 454
440 2507 608 2547 ferridus
634 2509 781 2556 ingenii
806 2509 1019 2548 Masinissa
1050 2513 1088 2548 et
1113 2509 1285 2549 fervidus
1311 2511 1407 2550 aevi.
1434 2533 1487 2538 —
1513 2511 1619 2549 Talis
1645 2510 1813 2558 genetivi

238 2577 331 2602 usus
350 2568 394 2602 ut
412 2565 516 2611 apud
536 2569 672 2613 poetas
693 2567 804 2613 quasi
824 2568 970 2613 gradus
984 2570 1101 2614 atque
1114 2579 1345 2615 progressus
1359 2569 1449 2607 inde
1468 2568 1518 2606 ab
1531 2568 1698 2615 Augusti
1715 2571 1813 2605 tem-

238 2621 402 2668 poribus
425 2622 611 2670 videmus‚
637 2623 694 2662 ita
715 2624 832 2662 etiam
852 2635 978 2661 sermo
997 2625 1179 2671 pedester
1197 2636 1283 2663 eum
1303 2625 1343 2662 in
1365 2625 1447 2665 dies
1467 2625 1590 2672 magis
1603 2626 1812 2664 adamavit.

334 2769 358 2806 ι)
383 2771 487 2808 Quum
515 2770 555 2802 de
581 2770 704 2801 ‘animi’
729 2780 830 2802 sensu
850 2771 943 2803 locali
971 2781 1079 2804 sermo
1106 2783 1180 2804 esse
1204 2782 1270 2804 non
1289 2773 1411 2814 possit,
1437 2772 1499 2804 hoc
1526 2783 1566 2804 ex
1593 2773 1664 2805 loco
1690 2773 1814 2815 optime

239 2815 460 2854 cognoscitur.

331 2860 358 2902 ²)
380 2860 458 2892 Tae.
484 2871 558 2894 ann.
585 2861 608 2893 1.
634 2862 656 2894 6
681 2860 829 2894 firmatus
854 2863 973 2895 animo.
