1950 3198
878 183 1155 225 ,10-

238 296 328 335 Tac.
353 308 440 335 ann.
470 296 543 345 III,
573 299 638 336 50.
656 298 739 346 ,1V‚
766 300 829 337 22.
866 299 934 345 XI,
966 300 1031 338 26.
1068 298 1175 349 XIV,
1206 300 1271 339 62.
1310 298 1416 350 XVI,
1446 300 1483 338 3.
1538 298 1668 337 Aurel.
1701 298 1800 337 Vict.

237 366 336 394 caes.
362 355 427 401 33,
455 356 518 394 13.
551 356 616 402 41,
642 357 708 395 27.

351 412 485 459 Neque
515 413 563 451 ab
590 413 663 451 hoc
687 414 772 451 loco
798 413 984 452 abhorret
1008 414 1166 452 verbum
1191 414 1445 462 properantia
1463 413 1636 453 Sallustii
1655 412 1802 451 Taciti-

238 480 311 515 que
340 470 558 516 proprium:
590 470 680 509 Sall.
710 470 767 516 Ig.
800 471 864 517 36,
897 471 932 509 3.
983 470 1073 509 Tac.
1100 470 1301 518 ann.'XII,
1327 472 1391 510 20.
1418 494 1468 499 -
1497 471 1750 511 Substantiva
1778 482 1803 508 a

236 526 454 574 participiis
484 527 699 574 praesentis
735 527 853 566 activi
883 528 993 574 flexa,
1024 539 1122 575 quae
1152 540 1222 567 nec
1252 528 1486 568 formatione
1510 540 1580 568 nec
1604 527 1800 573 significa-

235 583 344 623 tione
382 585 529 623 distant
564 597 588 623 a
618 585 872 624 substantivis
910 585 950 623 in
980 586 1038 623 -ia
1069 586 1315 632 exeuntibus,
1358 598 1456 633 quae
1487 588 1603 625 ducta
1633 589 1723 623 sunt
1751 586 1801 623 ab

236 641 452 688 adiectivis,
483 654 507 680 a
536 643 729 690 principio
762 643 984 690 exprimunt
1014 646 1168 689 statum,
1199 655 1284 681 cum
1316 644 1570 682 substantivis
1594 655 1618 680 a
1642 642 1800 690 partici-

237 699 310 745 piis
348 699 510 746 perfecti
548 699 692 746 passivi
728 699 914 747 profectis
952 700 1045 739 insit
1082 702 1189 739 notio
1221 701 1398 739 actionis.
1458 701 1499 740 Si
1530 701 1665 740 Cicero
1697 700 1803 746 (licit,

236 756 483 795 ‘haesitantia
512 757 680 803 linguae'
703 757 814 803 (Phil.
842 759 878 804 3,
894 757 980 807 ·16),
1011 758 1182 806 intellegi
1207 759 1290 796 vult
1313 759 1450 797 vitium
1474 758 1643 806 linguae;
1675 757 1802 796 haesi-

235 813 333 852 tatio
364 817 423 852 est
453 817 564 853 actus
595 815 831 860 haesitandi;
863 813 1071 854 efficientia
1101 819 1160 854 est
1190 814 1375 862 efficacia,
1405 814 1554 855 effectio
1586 815 1689 853 actio
1720 814 1802 853 effi·

237 870 363 909 ciendi
393 876 432 910 et
462 872 510 910 al.
542 895 595 900 —
627 873 701 912 Sed
729 876 890 920 propter
920 873 1219 921 participiorum
1243 874 1320 912 vim
1345 874 1540 912 verbalem
1564 872 1708 911 factum
1733 875 1802 918 est,

236 931 279 966 ut
309 927 427 967 etiam
457 930 702 968 substantiva
731 942 755 968 a
785 930 1004 978 participiis
1035 931 1251 978 praesentis
1282 930 1402 969 activi
1433 932 1549 970 ducta
1579 929 1733 969 abirent
1762 930 1802 967 in

236 985 433 1024 notionem
470 987 700 1034 verbalium;
738 999 970 1035 quamquam
1007 988 1197 1028 eiusmodi
1233 988 1432 1027 notionem
1469 988 1802 1028 substantivorum

237 1043 413 1082 crebrius
437 1045 610 1092 reperies
635 1046 853 1093 posteriore
879 1046 1031 1084 demum
1056 1049 1243 1093 tempore,
1269 1057 1344 1093 quo
1368 1044 1568 1094 finguntur
1590 1045 1687 1084 talia
1711 1045 1802 1083 sub-

237 1101 417 1147 stantiva,
449 1103 579 1149 qualia
610 1106 700 1141 sunt
724 1103 964 1150 apparentia,
996 1104 1303 1151 aequiperantia‚
1334 1104 1567 1151 colligentia,
1599 1103 1802 1142 dinoscen-

239 1158 296 1196 tia
326 1162 365 1196 et
394 1159 472 1197 alia
501 1161 633 1198 multa.
682 1161 816 1207 Neque
846 1161 886 1198 in
910 1161 1144 1199 substantivi
1170 1161 1395 1199 Sallustiani
1420 1160 1695 1209 ‘properantia’
1719 1159 1800 1197 for—

160 1215 163 1217 ’
239 1216 409 1255 matione
440 1217 558 1256 ceteri
588 1230 666 1256 non
697 1217 941 1257 offenderunt
968 1224 1129 1266 excepto
1154 1219 1303 1257 Tacito.
1351 1217 1442 1266 Ipse
1465 1219 1623 1256 Tacitus
1649 1217 1800 1264 copiam

238 1273 571 1313 substantivorum
590 1287 614 1313 a
627 1276 846 1323 participiis
860 1275 1078 1324 praesentis
1098 1276 1215 1315 activi
1230 1277 1445 1323 ductorum,
1459 1287 1557 1323 quae
1569 1287 1593 1314 a
1605 1274 1802 1313 veteribus

239 1331 395 1369 omnino
421 1344 497 1370 non
519 1334 701 1371 adamata
723 1334 813 1372 inde
833 1334 983 1371 demum
1003 1345 1027 1371 a
1046 1333 1244 1372 Ciceronis
1263 1336 1392 1371 aetate
1411 1334 1671 1379 crebrescunt,
1690 1332 1800 1370 auxit

237 1388 366 1426 verbis
391 1390 640 1437 prodigentia
663 1390 762 1439 (ann.
788 1391 852 1441 VI,
879 1392 940 1429 14.
972 1391 1078 1438 XIII,
1106 1393 1142 1431 1.
1174 1391 1256 1437 XV,
1277 1389 1343 1439 37)
1366 1394 1405 1429 et
1423 1391 1679 1429 irreverentia
1695 1389 1798 1438 (hist.

238 1445 307 1492 III,
334 1447 399 1486 51.
435 1459 522 1486 ann.
546 1447 619 1494 ΙΙΙ,
645 1449 709 1487 31.
741 1448 852 1495 XIII,
878 1450 943 1488 26.
979 1449 1076 1487 Plin.
1102 1461 1161 1496 ep.
1188 1450 1225 1495 6,
1252 1450 1289 1495 2,
1313 1448 1351 1497 5)
1374 1449 1476 1487 iuste
1500 1447 1716 1486 fabricatis.
1743 1469 1794 1474 ——

351 1502 388 1549 f)
417 1503 476 1544 De
512 1503 786 1546 substantivis
815 1504 1057 1546 verbalibus
1090 1505 1135 1545 in
1171 1517 1240 1545 -us
1269 1505 1517 1546 terminatis.
1548 1527 1599 1533 —
1630 1505 1689 1543 Ac
1717 1504 1798 1552 pri-

237 1572 340 1598 mum
370 1561 446 1599 huc
476 1561 719 1601 referendum
757 1567 816 1602 est
839 1563 1125 1602 substantivum
1155 1564 1392 1602 ‘ostentus’
1422 1574 1634 1611 perrarum,
1665 1562 1732 1601 sed
1755 1565 1800 1600 ut

237 1617 392 1656 videtur
428 1619 506 1657 iam
542 1631 566 1658 a
597 1620 636 1658 C.
668 1621 845 1660 Graccho
876 1625 1121 1668 usurpatum:
1159 1633 1215 1659 or.
1247 1622 1271 1659 6
1309 1632 1344 1667 p.
1376 1622 1458 1660 236
1493 1620 1628 1659 Meier.
1675 1620 1799 1666 ‘Quod
1842 1627 1846 1631 ·

237 1686 355 1713 unum
380 1676 493 1715 nobis
514 1677 554 1715 in
581 1681 785 1725 ostentum,
810 1678 906 1726 ipsis
931 1678 972 1716 in
989 1690 1101 1716 usum
1119 1679 1378 1725 adportatur!
1410 1678 1492 1728 (cfr.
1511 1677 1616 1716 Fest.
1636 1689 1671 1725 p.
1692 1675 1799 1727 201).

236 1732 388 1771 Deinde
418 1737 547 1773 exstat
575 1736 650 1774 hoc
679 1736 840 1774 verbum
871 1736 975 1783 apud
1005 1736 1094 1774 Sall.
1126 1735 1183 1782 Ig.
1217 1736 1281 1782 24,
1320 1737 1373 1774 10
1403 1739 1446 1773 ut
1476 1735 1688 1783 Iugurthae
1718 1746 1799 1773 sce-

237 1790 360 1828 lerum
397 1793 567 1830 ostentui
603 1804 736 1832 essem.
788 1793 846 1840 Ig.
879 1794 944 1840 46,
975 1795 999 1833 6
1035 1793 1104 1831 illa
1134 1793 1344 1832 deditionis
1375 1793 1488 1840 signa
1518 1793 1687 1831 ostentui
1717 1803 1799 1830 cre-

241 1848 343 1885 dere.
398 1849 487 1887 Tac.
518 1850 607 1888 hist.
638 1850 709 1897 III,
736 1852 787 1890 35
821 1851 991 1889 ostentui
1021 1851 1185 1889 mittere.
1235 1862 1322 1888 ann.
1354 1850 1384 1897 I,
1410 1852 1463 1890 29
1494 1862 1661 1897 corpora
1690 1853 1801 1888 extra

237 1905 381 1943 vallum
412 1906 566 1945 abiecta
597 1909 778 1946 ostentui.
808 1908 921 1953 XII,
954 1908 1006 1947 14
1038 1908 1207 1946 ostentui
1239 1908 1477 1946 clementiae.
1523 1908 1607 1954 XV,
1639 1909 1691 1946 29
1724 1907 1800 1944 itu·

237 1973 323 2000 rum
348 1962 551 2002 Tiridaten
576 1966 746 2003 ostentui
770 1965 962 2012 gentibus.
1006 1965 1090 2003 XV.
1117 1966 1170 2004 64
1195 1968 1239 2003 ut
1263 1965 1432 2003 ostentui
1456 1969 1558 2003 esset
1579 1964 1644 2015 (sc.
1665 1963 1803 2012 pallor)

237 2020 399 2058 multum
429 2021 559 2060 vitalis
585 2023 747 2069 spiritus
772 2026 957 2069 egestum.
1007 2022 1102 2060 Gell.
1127 2023 1213 2069 XX,
1241 2024 1275 2069 1,
1301 2022 1355 2062 48
1387 2022 1607 2060 atrocitatis
1637 2025 1804 2060 ostentu.

238 2076 393 2125 Vopisc.
422 2079 554 2117 Aurel.
584 2079 708 2126 XXX,
735 2082 759 2118 2
790 2083 834 2118 ut
863 2079 999 2126 populi
1029 2079 1195 2118 Romani
1226 2079 1348 2118 oculis
1378 2082 1480 2118 esset
1511 2079 1694 2118 ostentui.

353 2136 447 2174 Inde
477 2147 501 2174 a
531 2136 715 2176 Sallustio
745 2137 786 2175 in
816 2148 889 2175 usu
921 2136 1154 2183 scriptorum
1185 2139 1275 2175 sunt

351 2193 387 2241 a)
423 2197 681 2233 contactus.
730 2192 770 2243 α)
800 2205 915 2233 sensu
945 2193 1107 2241 proprio
1138 2195 1243 2242 apud
1273 2194 1387 2240 Verg.
1411 2194 1507 2232 Aen.
1534 2195 1570 2241 3,
1597 2195 1691 2233 227.
1733 2194 1802 2232 0v.

238 2254 324 2288 met.
359 2254 393 2297 7,
427 2251 521 2289 239.
571 2250 651 2290 Col.
685 2253 750 2298 11,
779 2252 816 2290 3.
871 2251 967 2290 Plin.
998 2252 1036 2298 8,
1069 2252 1133 2298 15,
1167 2253 1218 2290 16
1250 2255 1289 2289 et
1319 2252 1474 2298 saepius
1504 2253 1608 2299 apud
1640 2251 1803 2290 Celsum.

237 2309 279 2360 β)
302 2319 417 2347 sensu
443 2309 635 2347 translato
660 2310 766 2357 apud
791 2309 881 2348 Sall.
907 2308 996 2347 hist.
1020 2308 1051 2346 I.
1077 2309 1131 2347 48
1155 2307 1246 2359 (51),
1272 2310 1308 2347 9.
1350 2308 1436 2347 Liv.
1462 2310 1499 2355 4,
1524 2310 1588 2348 30.
1608 2331 1659 2336 —
1679 2308 1803 2346 Tacit.

238 2365 331 2412 Agr.
359 2367 423 2404 30.
460 2365 550 2404 hist.
574 2365 604 2413 I,
632 2368 694 2404 11.
731 2366 783 2412 ΙΙ,
810 2367 875 2405 60.
912 2377 1000 2404 ann.
1026 2366 1055 2412 I,
1080 2367 1146 2405 43.
1181 2366 1247 2412 IV,
1273 2366 1340 2405 49.
1372 2366 1437 2413 VI,
1465 2369 1500 2404 7.

353 2422 390 2470 b)
419 2422 682 2473 incultus1).
726 2423 816 2461 Sall.
842 2423 925 2461 Cat.
952 2423 1018 2474 55,
1043 2423 1080 2461 4.
1122 2423 1179 2470 Ig.
1205 2425 1241 2470 2,
1266 2423 1304 2461 4.
1343 2423 1428 2461 Liv.
1455 2423 1521 2470 42,
1548 2425 1611 2469 12,
1638 2425 1674 2462 7.
1713 2423 1803 2460 Tac.

239 2491 325 2517 ann.
357 2480 422 2527 IV,
447 2481 501 2520 46
533 2481 698 2520 ‘contusi
728 2480 945 2519 Thraecum
976 2480 1166 2527 gentibus,
1198 2481 1263 2527 qui
1293 2480 1480 2518 montium
1511 2480 1626 2520 editis
1657 2481 1804 2518 incultu

238 2540 356 2584 atque
391 2549 436 2576 eo
478 2538 648 2576 ferocius
682 2538 896 2585 agitabant’
927 2560 979 2566 -
1012 2549 1124 2585 quem
1159 2538 1285 2576 locum
1322 2537 1555 2576 conferimus
1591 2549 1677 2575 cum
1714 2538 1805 2575 Sall.

237 2594 294 2641 lg.
319 2596 386 2641 89,
414 2597 436 2634 7
468 2595 507 2632 in
533 2595 638 2634 omni
667 2595 812 2642 Africa,
843 2607 942 2642 quae
972 2596 1107 2644 procul
1137 2607 1160 2633 a
1184 2595 1283 2633 mari
1307 2594 1489 2633 incultius
1514 2595 1667 2642 agebat.
1705 2595 1806 2633 adde

240 2651 292 2698 lg.
320 2653 383 2698 19,
409 2653 445 2691 5.

352 2709 385 2758 c)
410 2709 641 2748 obtentus.
664 2732 712 2737 --
735 2708 776 2760 α)
794 2721 908 2749 sensu
929 2709 1090 2758 proprio
1105 2708 1219 2755 Verg.
1238 2709 1333 2747 Aen.
1346 2709 1414 2756 XI,
1428 2710 1494 2749 66.
1527 2708 1672 2747 Seneca
1690 2708 1804 2747 Herc.

358 2841 381 2883 ¹)
407 2843 474 2875 Hoc
504 2845 639 2876 verbum
668 2844 867 2876 Ribbeckius
899 2845 1075 2885 legendnm
1109 2844 1279 2886 proposuit
1311 2844 1430 2876 Paeuv.
1457 2850 1494 2876 tr.
1521 2854 1550 2875 v.
1575 2843 1643 2876 314
1668 2843 1803 2875 ‘incultu

239 2898 276 2919 :w
301 2888 512 2921 vastitudine’
537 2901 596 2931 pro
621 2889 755 2923 ‘inculta
780 2889 1001 2923 vastitudine'.
