1950 3198
874 180 1153 222 -44-

228 305 327 341 quae
358 293 467 341 (lixit,
498 293 662 342 expletis
693 305 804 332 usum
836 294 1113 333 Sallustianum
1138 293 1436 341 Tacitinumque
1465 294 1504 331 in
1537 294 1798 342 comparatio-

228 363 313 389 nem
344 362 503 389 vocasse
533 350 628 389 satis
659 351 797 390 habeo.
851 352 909 389 Ac
939 351 1105 399 primum
1132 350 1341 400 Seyffertus
1368 351 1546 389 Ciceroni
1577 355 1616 388 et
1641 351 1799 390 Caesari

227 411 332 446 recte
368 408 524 447 videtur
559 407 780 446 vindicasse
818 411 1054 446 structuram
1084 408 1332 447 transitivam
1363 412 1515 446 tantum
1547 419 1681 445 eorum
1711 419 1800 446 ver-

227 465 383 513 borum,
426 476 525 512 quae
567 468 713 503 motum
756 465 978 513 exprimunt
1017 467 1186 517 (anteeo,
1228 466 1416 504 antecedo
1458 465 1680 514 praecedo),
1723 476 1801 503 non

228 533 379 569 eorum,
417 533 517 570 quae
553 522 729 561 indicant
767 522 935 570 quietem
971 523 1173 574 (antecello
1210 523 1404 570 praecello
1434 526 1588 560 antesto
1619 524 1801 571 praesto).

229 580 413 617 Ceterum·
444 580 565 618 verba
606 580 839 628 composita,
882 591 981 627 quae
1022 583 1168 619 motum
1206 578 1441 627 significant,
1486 579 1643 617 omnino
1681 579 1801 617 multo

228 635 382 675 facilius
424 637 606 676 abierunt
646 637 687 675 in
723 637 921 676 notionem
957 640 1269 685 structuramque
1304 636 1565 676 transitivam.
1626 636 1738 683 Quod
1769 636 1802 673 si

229 693 439 742 Seyffertus
477 694 573 733 dicit
613 706 649 742 p.
681 694 772 733 VII:
820 695 921 741 „Der
957 694 1149 741 Analogie
1187 694 1314 733 dieser
1352 694 1483 732 Verba
1524 693 1693 740 folgend,
1735 693 1801 731 hat

228 751 373 790 Sallust
414 751 656 799 antevenire,
697 751 992 790 Pseudosallust
1031 752 1257 800 praegredi,
1306 751 1369 789 die
1411 750 1692 790 Schriftsteller
1734 749 1802 788 des

229 808 424 847 silbernen
447 809 652 847 Zeitalters
677 809 908 857 praevenire
933 820 1019 847 cum
1044 809 1267 848 accusativo
1293 809 1517 854 construirt,
1549 807 1664 847 sowie
1689 807 1802 845 Taci-

227 869 291 904 tus
327 866 551 914 praemineo
582 876 613 904 c.
644 877 723 905 acc.
759 867 858 904 nach
889 867 959 905 der
987 866 1179 914 Analogie
1208 878 1284 905 von
1314 866 1530 913 praecello“
1562 869 1601 903 et
1630 877 1668 913 p.
1697 863 1804 903 VIII.

228 923 318 961 inde
349 934 372 961 a
401 923 515 962 Livio
553 926 686 962 censet
721 925 932 963 secundum
969 926 1206 962 structuram
1236 918 1364 964 Κατὰ
1395 919 1567 964 σύνεσιν
1598 922 1804 960 transitive

228 984 366 1028 coepta
397 992 483 1019 esse
512 981 693 1020 adhiberi
724 981 841 1019 etiam
871 981 993 1020 verba
1022 984 1180 1030 praesto
1211 981 1399 1019 antecello
1424 980 1618 1029 praecello
1645 979 1803 1026 excello,

228 1049 305 1076 non
337 1037 467 1076 omnia
498 1041 680 1076 accurate
711 1038 903 1087 exposuit.

341 1095 399 1133 Ac
434 1095 602 1142 primum
639 1096 743 1143 quod
779 1096 920 1134 attinet
955 1096 1006 1134 ad
1041 1096 1162 1135 verba
1197 1099 1343 1134 motum
1379 1094 1655 1143 exprimentia,
1692 1094 1803 1133 verbi

227 1152 477 1191 ‘antevenire’
506 1153 720 1201 passivum,
753 1154 856 1200 quod
891 1153 1052 1192 verbum
1082 1153 1209 1202 ipsum
1240 1153 1396 1191 omnino
1428 1164 1506 1190 non
1538 1151 1732 1199 frequenti
1762 1152 1802 1190 in

227 1221 299 1248 usu
330 1213 389 1247 est
417 1210 556 1261 (Plaut.
589 1210 672 1248 Cat.
703 1210 794 1249 Sall.
821 1211 937 1258 Verg.
964 1210 1077 1261 Tac.),
1107 1210 1366 1259 personaliter
1397 1209 1541 1248 dicitur
1571 1209 1648 1246 iam
1679 1221 1703 1247 a
1729 1209 1803 1247 Ca-

227 1270 320 1304 tone
356 1279 411 1306 or.
448 1267 588 1306 LXIV.
624 1267 735 1306 Jord.
772 1269 875 1314 quod
914 1267 1172 1316 compluriens
1214 1280 1286 1306 usu
1323 1267 1446 1314 venit,
1489 1266 1593 1304 omni
1629 1270 1804 1313 tempore

228 1328 475 1362 anteventum
512 1336 597 1363 esse
633 1336 654 1362 e
683 1325 886 1372 republica
923 1325 1128 1365 credimus.
1187 1326 1240 1363 At
1271 1325 1440 1363 omnium
1472 1323 1699 1371 saepissime
1730 1324 1802 1361 hoc

227 1383 386 1420 verbum
418 1393 503 1419 cum
534 1382 757 1421 accusativo
789 1383 992 1430 coniungit
1022 1382 1229 1422 Sallustius
1260 1382 1317 1429 Ig.
1348 1383 1386 1429 4,
1418 1384 1454 1421 7.
1493 1382 1560 1428 48,
1591 1382 1628 1419 2.
1669 1381 1735 1427 56,
1766 1382 1805 1419 2.

230 1440 295 1486 88,
328 1440 364 1477 2.
408 1440 473 1486 96,
505 1440 541 1487 3,
574 1451 684 1487 quem
717 1439 893 1487 sequitur
924 1439 1083 1478 Tacitus
1115 1452 1202 1478 ann.
1233 1440 1264 1487 Ι,
1296 1440 1362 1478 63.

342 1496 462 1535 Verbi
499 1497 751 1544 ‘praevenire’
787 1497 986 1544 passivum
1023 1497 1283 1545 personaliter
1318 1496 1451 1544 posuit
1487 1495 1635 1543 primus
1673 1495 1801 1533 Sallu-

226 1553 324 1591 stius
354 1553 412 1600 Ig.
444 1556 510 1602 71,
541 1555 566 1592 5
600 1565 700 1601 quae
729 1554 813 1602 ipse
843 1554 1079 1603 paravisset,
1110 1554 1275 1603 perfidia
1306 1554 1459 1592 clientis
1490 1553 1550 1591 sui
1581 1557 1804 1600 praeventa.

225 1611 389 1659 Saepius
426 1612 508 1650 eius
546 1612 657 1650 verbi
695 1615 931 1651 structuram
967 1612 1213 1651 transitivam
1251 1611 1467 1650 invenimus
1498 1611 1588 1648 inde
1619 1621 1643 1647 a
1672 1609 1804 1655 Livi0;

226 1668 364 1706 Tacito
394 1668 433 1706 in
466 1668 616 1708 deliciis
648 1673 707 1707 est
736 1669 934 1716 passivum
966 1669 1049 1708 eius
1080 1670 1304 1716 personale:
1333 1669 1425 1707 hist.
1448 1667 1479 1714 I,
1505 1669 1528 1705 5
1555 1671 1805 1715 praeventam

227 1726 407 1772 gratiam.
456 1737 544 1764 ann.
576 1726 603 1773 I,
636 1727 688 1765 53
750 1726 802 1774 II,
835 1728 900 1765 65.
934 1728 997 1766 79.
1040 1726 1144 1773 XIV,
1177 1729 1212 1765 7.

340 1784 403 1822 Ad
433 1784 648 1831 exemplum
678 1783 886 1822 verborum
918 1795 942 1821 a
969 1784 1154 1823 Sallustio
1179 1783 1385 1822 transitive
1410 1783 1690 1821 collocatorum
1714 1792 1804 1819 auc-

226 1844 290 1878 tor
327 1840 438 1888 epist.
476 1842 512 1879 d.
542 1852 624 1888 rep.
662 1842 712 1880 ad
743 1840 852 1879 Caes.
888 1852 966 1879 sen.
997 1841 1027 1888 Ι,
1061 1843 1096 1888 1,
1128 1842 1151 1879 2
1183 1841 1389 1888 usurpavit
1420 1840 1639 1887 ‘praegredi
1669 1839 1805 1885 alqm.'‚

228 1898 332 1944 quod
362 1897 453 1936 inde
483 1909 507 1935 a
535 1898 649 1936 Livio
680 1897 945 1945 frequentiore
976 1898 1016 1935 in
1047 1910 1118 1936 usu
1145 1902 1216 1937 est.
1263 1899 1338 1936 Sed
1362 1898 1439 1935 iam
1464 1898 1570 1944 apud
1593 1896 1803 1934 Pacuvium

227 1955 390 2001 legimus
414 1967 447 1993 v.
473 1955 528 1992 48
553 1956 779 1993 Extremum
810 1956 912 1993 inter
943 1958 1150 1993 camterem
1175 1955 1301 2002 ipsum
1327 1955 1565 2002 praegradat
1588 1954 1804 1991 Partheno-

228 2023 378 2059 paeum.
393 2034 445 2039 -—
460 2012 686 2059 ‘Antegredi
707 2023 738 2051 c.
760 2013 851 2051 acc.'
870 2015 997 2050 exstat
1017 2014 1126 2060 apud,
1141 2012 1368 2050 Ciceronem
1390 2013 1437 2050 de
1456 2015 1535 2049 nat.
1554 2011 1659 2049 deor.
1683 2011 1718 2056 2,
1740 2011 1804 2047 53.

342 2069 414 2107 His
446 2069 576 2108 verbis
607 2069 762 2108 addidit
792 2069 952 2107 Tacitus
984 2069 1149 2116 ‘praeire
1180 2070 1306 2116 alqm.’
1335 2080 1423 2107 ann.
1453 2068 1506 2115 II,
1537 2067 1603 2106 83.
1641 2067 1706 2112 VI,
1739 2068 1803 2104 21.

228 2126 311 2173 XV,
343 2127 380 2173 4,
413 2127 517 2173 quod
547 2126 644 2165 alias
676 2138 755 2165 non
784 2130 922 2165 exstat.

344 2184 425 2222 Iam
456 2195 503 2221 ex
532 2183 675 2231 verbis,
707 2195 805 2231 quae
836 2184 1002 2231 quietem
1029 2182 1258 2231 significant,
1289 2183 1448 2222 verbum
1474 2181 1699 2229 ‘praestare'
1724 2180 1804 2227 pri-

228 2251 313 2279 mus
344 2252 430 2279 cum
461 2241 684 2279 accusativo
717 2241 965 2279 coniunxisse
995 2241 1150 2279 videtur
1182 2241 1278 2278 Cato
1304 2252 1366 2287 ap.
1408 2240 1507 2277 Non.
1539 2240 1633 2285 502,
1666 2239 1717 2276 23
1750 2260 1804 2266 —-

230 2298 371 2337 deinde
400 2298 496 2345 Nep.
527 2298 600 2345 Ep.
626 2299 663 2345 6,
691 2300 731 2345 1;
763 2309 861 2345 quae
891 2298 1001 2337 verbi
1032 2301 1231 2336 structura
1260 2298 1301 2336 in
1331 2297 1461 2344 gratia
1492 2300 1550 2334 est
1581 2295 1705 2342 Livio,
1738 2297 1805 2334 sed

230 2356 427 2402 spernitur
457 2367 480 2394 a
510 2355 659 2394 Tacito.

343 2416 553 2451 ‘antestare
584 2413 710 2460 alqm.’
740 2412 938 2451 invenitur
969 2413 1073 2460 apud
1102 2413 1247 2451 Metell.
1278 2411 1471 2450 Numidic.
1507 2409 1589 2458 (cfr.
1615 2410 1713 2449 Gell.
1742 2411 1805 2456 12,

232 2472 269 2517 9,
300 2470 340 2520 4)
370 2481 446 2518 qua
475 2471 515 2508 in
546 2482 589 2509 re
621 2474 765 2517 quanto
796 2470 968 2509 universi
998 2481 1060 2508 me
1089 2481 1207 2508 unum
1232 2470 1431 2508 antistant.
1458 2491 1509 2497 —
1535 2468 1624 2506 Mel.
1654 2468 1690 2514 3,
1717 2469 1754 2514 6,
1782 2469 1803 2506 7

232 2549 283 2555 -—
315 2528 431 2575 Apul.
462 2528 501 2575 4,
532 2528 557 2566 8
589 2529 731 2566 robore
763 2531 924 2566 ceteros.

344 2585 586 2623 ‘antecellere
622 2585 750 2633 alqm.’
787 2585 942 2633 passive
979 2587 1143 2631 usurpat
1182 2584 1259 2622 iam
1299 2582 1446 2622 Gornif.
1478 2585 1514 2628 2,
1552 2582 1616 2627 30,
1654 2582 1708 2619 48
1741 2580 1807 2628 qui

230 2642 290 2680 his
317 2637 495 2681 omnibus
512 2643 638 2681 ‘rebus
662 2643 957 2681 antecelluntur.
990 2642 1118 2680 Valer.
1138 2641 1242 2679 Max
1269 2642 1305 2687 3,
1331 2642 1368 2687 8,
1391 2642 1426 2678 1.
1464 2640 1554 2679 Tac.
1575 2639 1664 2676 hist.
1685 2638 1737 2684 ΙΙ,
1758 2639 1795 2677 3.

345 2700 465 2738 Verbi
496 2700 753 2747 ‘praecellere'
785 2704 981 2738 structura
1018 2698 1226 2737 transitiva
1262 2699 1302 2736 in
1338 2698 1466 2735 Taciti
1497 2696 1806 2744 proprietatibus

231 2757 412 2795 habenda
442 2761 511 2796 est.
562 2758 663 2807 (ann.
694 2756 746 2803 II,
776 2756 856 2805 43.)

343 2815 608 2861 ‘prae111inere‘
646 2825 732 2852 cum
769 2814 993 2852 accusativo
1032 2812 1271 2859 coniungunt
1306 2812 1395 2851 Sall.
1433 2812 1522 2850 hist.
1561 2810 1613 2857 ΙΙ,
1644 2811 1697 2849 85
1729 2810 1807 2858 (83)

232 2882 375 2919 omnes,
413 2872 479 2919 qui
509 2872 651 2910 circum
692 2875 796 2918 sunt,
828 2871 1072 2918 praeminent
1102 2870 1310 2908 altitudine
1340 2869 1499 2914 milium,
1519 2876 1706 2916 passuum
1736 2866 1806 2904 du-
