1950 3198
868 184 1147 225 -22-

227 298 298 336 III.
333 310 368 337 v.
407 299 457 338 59
498 300 547 339 ob
592 298 697 338 facta
739 298 928 346 nefantia,
972 298 1118 338 XXIX.
1155 311 1188 339 V.
1226 301 1278 340 65
1322 299 1506 339 nefantia.
1566 298 1678 337 Varr.
1721 303 1793 338 sat.

226 357 328 394 Men.
358 368 392 395 v.
423 358 503 396 509
536 358 582 395 R.
615 379 667 384 -
698 357 779 394 Att.
815 360 863 394 tr.
895 367 928 394 v.
963 357 1041 395 189
1079 357 1305 404 priusquam
1340 357 1468 396 infans
1505 356 1656 396 facinus
1692 358 1793 395 oculi

227 416 436 451 vescuntur
472 415 540 452 tui.
575 436 625 441 —
658 413 912 462 Participium
949 414 1106 453 ‘volens'
1141 416 1244 462 apud
1282 415 1506 454 Sallustium
1543 418 1581 452 et
1617 413 1793 453 Tacitum

228 482 351 518 prope
386 471 498 509 abest
528 483 552 509 a
581 471 801 518 participiis
832 471 991 509 ‘amans’
1021 474 1060 509 et
1091 472 1352 511 ‘desiderans’.
1376 493 1432 500 -
1456 472 1572 519 Apud
1596 471 1793 510 Lucanum

227 527 391 575 legimus
408 526 603 567 ‘vexantia
628 529 710 567 ora’
727 528 797 566 cfr.
819 529 937 567 schol.
960 540 995 575 p.
1015 529 1095 568 148
1116 530 1296 568 vexantia
1316 541 1385 568 ora
1405 551 1456 557 —
1478 541 1576 576 quae
1594 532 1795 575 vexantur,

230 586 412 633 quoniam
448 586 605 633 passivo
643 584 827 624 deficiunt
860 586 1075 633 praesentis
1110 587 1296 634 temporis
1333 586 1552 634 participia.
1583 609 1635 614 —
1667 586 1795 624 Parti-

231 642 323 690 cipii
353 643 589 681 ‘intolerans’
619 654 730 681 usum
761 644 956 690 passivum
990 643 1138 682 Gellius
1166 643 1245 693 (19,
1273 646 1308 690 7,
1337 643 1402 693 10)
1431 643 1543 682 affert
1567 655 1613 682 ex
1638 643 1797 690 Laevio,

232 711 343 747 quem
386 700 531 739 dixisse
571 700 694 739 tradit
734 701 850 738 ‘curis
892 700 1215 740 intolerantibus'.
1273 699 1426 741 Deinde
1461 701 1656 742 invenitur
1691 701 1796 749 apud

232 757 354 796 Tacit.
379 757 452 796 III.
478 758 531 796 45
563 769 778 796 memorare
800 769 912 805 quam
946 759 1090 796 decora
1114 758 1328 797 victoribus
1358 758 1532 805 libertas,
1563 761 1707 806 quanto
1738 758 1796 796 in-

232 814 465 854 tolerantior
503 815 669 854 servitus
706 815 846 853 iterum
883 815 1007 854 victis.
1062 815 1132 854 XI.
1166 817 1218 854 10
1254 817 1475 863 regreditur
1505 816 1640 863 ingens
1670 816 1799 863 gloria

232 874 349 919 atque
373 883 418 911 eo
444 872 614 911 ferocior
637 876 676 911 et
700 872 886 911 subiectis
911 873 1196 911 intolerantior.
1231 873 1452 921 Draegerus
1478 874 1528 912 ad
1546 884 1633 911 ann.
1651 872 1724 920 III,
1743 874 1796 911 45

233 930 413 968 adnotat:
444 929 741 969 ‘intolerantior'
772 930 962 968 scheinb
972 941 1022 968 ar
1047 930 1099 968 im
1122 931 1302 979 passiven
1328 931 1445 970 Sinne
1468 931 1538 969 wie
1565 932 1628 978 11,
1655 931 1716 969 10.
1744 953 1796 958 -

234 985 340 1025 Flor.
372 987 415 1034 4,
449 988 501 1025 12
545 987 642 1025 nihil
684 987 936 1026 insultatione
976 988 1234 1027 barbarorum
1271 988 1558 1027 intolerantius.
1616 987 1799 1027 Ueberall

236 1045 374 1091 selten,
412 1045 510 1084 doch
548 1045 667 1083 sehon
703 1045 767 1083 bei
799 1044 877 1083 Cic.
909 1045 948 1082 in
979 1044 1107 1083 Vatin.
1141 1047 1192 1084 12
1224 1046 1272 1084 de
1300 1046 1378 1084 tuis
1410 1045 1556 1084 divitiis
1588 1046 1799 1084 intoleran-

235 1101 385 1140 tissime
420 1102 614 1149 gloriaris.
672 1101 730 1140 Im
762 1102 921 1141 Grunde
956 1102 1008 1141 ist
1044 1103 1113 1140 der
1144 1103 1238 1142 Sinn
1274 1103 1398 1142 aktiv:
1437 1103 1656 1153 „mass10s“.
1715 1103 1800 1150 Qua

237 1159 427 1205 Draegeri
462 1159 502 1197 in
539 1159 794 1198 adnotatione
835 1161 997 1198 multum
1033 1161 1133 1199 inest
1171 1160 1276 1206 falsi;
1313 1172 1402 1199 nam
1439 1172 1510 1198 nec
1545 1161 1647 1207 loco,
1690 1171 1802 1207 quem

235 1228 281 1254 ex
313 1215 432 1255 Floro
465 1217 594 1263 affert,
626 1229 750 1264 neque
780 1218 884 1264 apud
914 1217 1092 1255 Tacitum
1123 1218 1201 1256 alia
1230 1219 1288 1256 vis
1319 1217 1520 1265 participii
1549 1217 1645 1256 ferri
1675 1220 1804 1265 potest

235 1273 310 1312 nisi
346 1274 519 1321 passiva;
556 1275 661 1322 apud
697 1275 921 1313 Ciceronem
952 1278 1011 1313 est
1041 1275 1185 1322 activa,
1222 1279 1265 1313 ut
1301 1275 1378 1313 iam
1408 1275 1669 1323 Nipperdeius
1699 1278 1804 1314 recte

236 1330 456 1378 explicavit.
516 1332 629 1378 Quod
660 1331 693 1369 si
723 1332 763 1369 111
794 1343 879 1370 ann.
911 1332 980 1378 XI,
1014 1333 1066 1371 10
1096 1332 1407 1380 intellegeremus
1443 1332 1641 1371 notionem
1676 1333 1803 1379 parti-

237 1388 329 1436 cipii
354 1389 591 1427 ‘intolerans’
616 1389 796 1436 activam,
826 1389 859 1427 is
890 1390 998 1428 106115
1029 1389 1142 1429 1101115
1167 1394 1268 1429 esset
1294 1390 1613 1437 interpretandus
1638 1389 1740 1427 hunc
1764 1389 1805 1427 in

237 1447 410 1485 modum:
453 1446 531 1493 „Er
565 1446 682 1485 kehrt
717 1447 864 1485 zuriick
899 1447 1120 1494 ungeheuer
1156 1459 1206 1485 an
1241 1447 1369 1485 Ruhm
1405 1447 1484 1486 und
1521 1447 1657 1486 darum
1694 1447 1804 1486 desto

238 1503 484 1550 unbandiger
519 1505 599 1543 und
636 1515 759 1551 gegen
796 1504 859 1542 die
888 1504 1209 1544 Unterworfenen
1245 1506 1544 1544 unduldsamer“
1579 1503 1652 1552 (vel
1683 1504 1807 1543 simile

239 1560 360 1610 quid),
398 1562 502 1608 quod
539 1561 693 1608 quidem
730 1561 887 1600 omnino
917 1574 996 1600 non
1026 1562 1254 1609 requiritur;
1297 1574 1343 1600 ac
1373 1563 1407 1600 si
1437 1563 1675 1601 ‘intolerans’
1703 1562 1804 1600 idem

239 1621 299 1656 est
328 1630 375 1656 ac
404 1618 696 1666 ‘intolerabilis',
728 1630 863 1658 sensus
893 1623 954 1658 est
982 1621 1173 1667 passivus.
1205 1642 1258 1648 —
1289 1620 1396 1658 Haec
1427 1623 1527 1666 sunt,
1559 1630 1657 1666 quae
1687 1619 1807 1657 habui

237 1674 380 1715 afferre
409 1687 457 1714 ex
488 1677 764 1724 scriptoribus;
796 1676 874 1715 iam
902 1688 995 1715 vero
1026 1689 1073 1716 ex
1097 1688 1275 1716 sermone
1299 1677 1450 1725 vulgari
1473 1676 1692 1724 participiis
1717 1676 1806 1715 ‘eia-

240 1734 386 1772 culans'
410 1734 568 1771 ‘amans’
591 1733 644 1783 (C.
669 1734 699 1772 Ι.
719 1733 762 1772 L.
782 1734 810 1771 I.
830 1734 897 1773 Nr.
919 1735 1040 1773 1080.
1065 1736 1185 1774 1207.
1216 1734 1267 1772 ΙΙ.
1286 1735 1353 1773 Nr.
1374 1735 1494 1773 1504.
1526 1734 1574 1772 X.
1593 1734 1661 1772 Nr.
1681 1734 1805 1780 3300,

240 1791 364 1830 3704.
397 1790 520 1841 7612)
551 1791 803 1830 ‘desiderans'
832 1791 886 1842 (C.
911 1791 941 1830 Ι.
966 1792 1011 1830 L.
1036 1791 1088 1830 Π.
1114 1793 1193 1830 541
1222 1793 1270 1830 al.
1311 1792 1446 1830 Front.
1477 1803 1513 1839 p.
1542 1793 1606 1837 17,
1632 1793 1668 1829 2.
1703 1792 1741 1837 O,
1766 1792 1804 1830 8.

238 1849 305 1894 88,
333 1850 396 1886 11.
435 1849 527 1895 132,
554 1850 604 1887 21
630 1848 691 1898 N.)
721 1860 820 1896 quae
849 1846 1148 1888 iam'Usenerus
1173 1849 1498 1895 commemoravit,
1528 1848 1690 1895 adiungi
1713 1860 1802 1895 pos·

240 1909 330 1943 sunt
365 1906 478 1944 haec:
523 1906 727 1944 ‘reverens’
755 1906 861 1947 Flor.
900 1907 937 1953 4,
977 1908 1041 1953 12,
1078 1909 1131 1946 66
1170 1907 1245 1945 Sed
1282 1907 1455 1945 sanctius
1491 1909 1530 1944 et
1564 1906 1804 1945 reverentius

241 1963 365 2000 visum
396 1966 456 2002 est
486 1975 624 2002 nomen
654 1963 833 2011 Augusti.
865 1986 916 1991 —
950 1963 991 2001 C.
1023 1964 1052 2002 Ι.
1083 1964 1127 2002 L.
1157 1965 1205 2002 X.
1240 1965 1362 2003 1287.
1393 1964 1515 2002 3354.
1547 1964 1655 2002 3355
1685 1962 1806 2012 (reve-

238 2020 496 2070 rentissimus)
527 2043 579 2048 —
612 2024 651 2059 et
681 2021 1064 2068 ‚indulgentissimus’
1094 2022 1167 2059 hoc
1198 2024 1302 2059 certe
1332 2021 1372 2059 in
1401 2021 1516 2059 titulo
1543 2020 1583 2058 C.
1608 2020 1636 2058 Ι.
1663 2021 1706 2058 L.
1731 2020 1804 2058 III.

238 2077 306 2115 Nr.
333 2078 455 2116 2684.
502 2078 549 2116 D.
579 2078 633 2117 M.
665 2079 759 2118 Aur.
782 2077 980 2117 Firminus
1011 2082 1050 2116 et
1078 2078 1215 2116 Flavia
1244 2078 1376 2116 Prima
1405 2081 1588 2125 parentes
1618 2077 1803 2116 infelicis-

240 2135 326 2173 simi
356 2133 510 2174 filiabus
542 2135 622 2174 suis
654 2135 873 2175 Stercoriae
902 2135 1040 2174 Iovino
1071 2135 1194 2174 Lucio
1225 2135 1584 2183 indulgentissimis.
1619 2156 1670 2162 —

427 2302 511 2357 ΙΙ.
560 2302 656 2357 De
690 2302 1064 2358 verborum
1100 2302 1610 2370 significatione.

796 2426 848 2471 A.
897 2428 962 2472 De
992 2428 1255 2473 adiectivis.

357 2534 393 2583 1)
422 2535 479 2572 Ac
509 2533 675 2582 primum
706 2534 912 2573 Sallustius
944 2538 982 2573 et
1006 2535 1166 2574 Tacitus
1190 2534 1391 2574 adiectivis
1416 2534 1576 2582 aliquot,
1608 2546 1706 2581 quae
1729 2546 1807 2572 non

241 2593 367 2630 solent
398 2591 579 2639 usurpari
609 2591 685 2630 nisi
710 2603 824 2631 sensu
849 2592 988 2639 activo,
1019 2593 1216 2632 subiciunt
1239 2593 1374 2632 eodem
1399 2593 1513 2631 modo
1539 2603 1691 2630 sensum
1716 2602 1805 2638 pas-

242 2650 381 2700 sivum3
418 2653 507 2687 sunt
544 2652 673 2687 autem
702 2649 911 2696 praecipue
940 2650 1051 2688 haec:
1089 2661 1244 2697 gnarus,
1280 2650 1450 2697 ignarus,
1481 2649 1644 2695 nescius,
1674 2648 1806 2687 incau-

240 2709 319 2753 tus,
356 2706 547 2745 innoxius.
596 2706 729 2753 Neque
760 2706 899 2745 desunt
930 2718 1029 2754 quae
1059 2719 1289 2754 quamquam
1321 2707 1436 2753 vulgo
1473 2707 1616 2745 habent
1652 2717 1805 2744 sensum

243 2763 466 2802 reflexivum
496 2763 557 2801 vel
587 2763 799 2811 passivum,
835 2764 884 2802 ab
917 2764 965 2803 iis
995 2764 1257 2803 adhibeantur
1285 2765 1412 2803 active
1442 2765 1547 2802 velut
1576 2762 1805 2801 formidulo—

243 2832 325 2867 sus,
362 2824 486 2867 tutus,
523 2821 681 2859 intutus.
741 2821 917 2859 Sallustii
947 2821 1151 2868 Tacitique
1187 2821 1341 2861 dicendi
1377 2822 1529 2868 generis
1559 2820 1600 2858 111
1630 2820 1806 2867 proprie·

243 2881 342 2916 tates
380 2889 610 2926 quamquam
646 2877 894 2926 inquirimus,
936 2878 1216 2918 adiectivorum
1253 2879 1354 2917 hunc
1391 2891 1501 2918 usum
1537 2877 1725 2927 incertum
1757 2878 1806 2916 ad
