1950 3198
880 185 1161 228 „52-

369 293 458 330 Sall.
499 293 559 329 De
582 296 658 330 situ
681 295 845 339 Africae.

231 349 281 395 Ig.
312 352 371 391 17,
402 353 432 386 7.
481 351 553 386 Sed
584 351 644 396 qui
677 353 849 388 mortales
878 353 981 389 initio

278 396 442 432 Africam
470 396 666 434 habuerint
696 398 831 443 quique
853 403 982 445 postea

266 442 497 478 ‘accesserint
530 447 594 478 aut
619 445 800 489 quomodo
823 445 920 480 inter
943 456 982 481 sc

277 488 449 570 Hiermixti
474 488 549 524 sint
566 509 609 515 —
628 500 739 534 quam
754 491 982 536 paucissimis

315 544 404 570 cam.

230 579 316 617 ibid.
347 581 367 626 §
398 581 431 615 5.
473 580 574 616 caelo
616 585 790 628 terraque
830 583 983 628 penuria

276 636 464 672 aquarum.

1160 296 1246 331 Tac.
1283 296 1342 332 De
1365 297 1441 332 sim
1463 297 1696 334 Britanniae.

1051 354 1136 398 Agr.
1155 363 1186 388 c.
1208 354 1261 388 11.
1296 352 1466 389 Ceterum
1488 354 1715 390 Britanniam
1738 356 1799 400 qui

1096 398 1269 434 mortales
1285 399 1388 434 initio
1401 399 1590 440 coluerint,
1607 399 1798 445 indigenae

1097 455 1144 480 an
1169 444 1324 485 advecti,
1356 449 1398 480 ut
1420 445 1516 481 inter
1539 445 1713 482 barbaros
1736 457 1799 492 pa-

1095 501 1177 526 rum
1199 495 1435 536 compertum.

1053 593 1082 618 c.
1098 584 1159 663 ll2.
1196 582 1332 618 multus
1361 582 1491 619 humor
1516 586 1697 619 terrarum
1719 593 1801 619 cae-

1111 638 1206 674 1que.
1228 668 1231 670 ,

756 743 804 786 (J.
849 742 916 786 De
947 743 1265 788 orationibus.

344 837 524 876 Tacitum
561 849 608 876 ex
645 838 820 876 Sallustii
857 838 1102 877 orationibus
1133 839 1256 876 multa
1286 838 1324 875 in
1355 850 1468 876 usum
1498 849 1609 876 suum
1639 849 1799 878 conver—

227 894 324 933 tisse
354 895 431 933 iam
462 907 581 943 supra
612 895 704 943 dixi,
735 896 810 934 etsi
846 896 1042 934 orationes
1073 908 1207 935 eorum
1237 907 1314 934 non
1346 907 1507 943 prorsus
1531 896 1666 934 eodem
1690 907 1800 944 spec-

227 955 323 991 tant.
373 953 579 993 Sallustius
609 953 711 991 enim
742 964 828 991 cum
860 954 1058 992 orationes
1090 955 1296 1002 plerasque
1320 953 1478 1000 scriptis
1505 954 1584 991 suis
1608 953 1796 993 insereret

226 1021 313 1048 eum
343 1012 395 1050 ad
424 1010 551 1059 finem,
581 1014 626 1049 ut
656 1011 814 1058 ingenia
843 1022 1049 1059 moresque
1072 1012 1270 1051 hominum
1296 1011 1604 1050 memorabilium
1628 1012 1796 1059 posteris

223 1069 410 1116 traderet,
442 1080 555 1117 quem
583 1067 698 1107 finem
723 1071 896 1107 secutum
921 1081 963 1108 se
986 1081 1072 1108 esse
1095 1070 1180 1116 ipse
1203 1069 1402 1116 indicavit,
1434 1080 1519 1106 cum
1545 1068 1735 1107 scriberet
1757 1069 1798 1107 in

224 1125 280 1173 Ig.
308 1127 372 1174 30,
399 1127 442 1165 4:
474 1127 562 1167 ‘Sed
587 1127 769 1175 quoniam
794 1138 842 1165 ea
864 1129 1093 1174 tempestate
1116 1127 1265 1165 Romae
1287 1127 1461 1164 Memmii
1483 1126 1668 1164 facundia
1693 1127 1800 1165 clara

223 1184 452 1232 pollensque
486 1183 578 1231 fuit,
615 1185 752 1223 decere
789 1184 1021 1223 existumavi
1055 1196 1171 1222 unam
1202 1196 1248 1222 ex
1277 1187 1358 1222 tam
1389 1184 1520 1222 multis
1552 1184 1797 1223 orationibus

224 1241 308 1280 eius
331 1242 599 1290 perscribere’,
624 1242 838 1280 sententias
863 1246 981 1289 atque
1003 1243 1226 1280 universum
1251 1242 1442 1280 orationis
1468 1242 1638 1280 colorem
1655 1252 1798 1289 magna

221 1310 307 1338 cum
334 1303 419 1339 arte
443 1301 494 1339 ad
518 1311 585 1338 eos
610 1300 932 1338 accommodavit.
982 1300 1058 1339 Sed
1082 1299 1211 1338 Taciti
1235 1300 1435 1339 orationes
1459 1299 1656 1346 pertinent
1674 1300 1796 1338 multo

220 1357 344 1404 magis
381 1358 432 1396 ad
462 1357 727 1396 narrationem
757 1358 1015 1405 pragmatice,
1046 1360 1090 1395 ut
1119 1358 1176 1396 ita
1206 1357 1349 1404 dicam,
1387 1357 1631 1403 nectendam,
1667 1356 1724 1394 ita
1754 1359 1798 1394 ut

220 1426 283 1452 res
319 1415 430 1462 ipsae
466 1427 542 1462 quo
578 1415 619 1453 in
656 1417 760 1453 statu
796 1415 1005 1462 unicuique
1041 1415 1160 1454 verba
1190 1414 1350 1453 facienti
1380 1414 1542 1461 fuerint,
1584 1418 1623 1452 et
1655 1415 1796 1460 quibus

221 1472 385 1520 quisque
421 1473 549 1512 causis
585 1473 885 1520 rationibusque
920 1473 1111 1512 adductus
1148 1483 1339 1520 quamque
1373 1483 1455 1510 rem
1492 1475 1696 1510 exsecutus
1733 1472 1795 1518 sit,

219 1530 447 1578 plerumque
484 1531 780 1570 demonstretur.
840 1530 916 1569 Sed
953 1542 1039 1568 cum
1075 1530 1163 1569 aliis
1199 1530 1240 1568 in
1276 1530 1393 1568 rebus
1423 1533 1504 1567 tum
1535 1529 1575 1566 in
1606 1529 1795 1567 orationi—

220 1587 294 1626 bus
334 1589 495 1628 Tacitus
531 1600 610 1627 non
645 1588 749 1627 idem
786 1591 846 1626 est
881 1588 922 1625 in
959 1588 1116 1636 scriptis
1150 1587 1367 1636 prioribus,
1410 1587 1476 1634 qui
1505 1587 1546 1624 in
1575 1587 1794 1626 annalibus.

221 1645 428 1685 Orationes
460 1646 573 1694 enim,
603 1657 703 1694 quae
734 1648 825 1684 sunt
854 1645 894 1682 in
923 1645 1110 1692 Agricola
1138 1652 1178 1684 et
1207 1645 1396 1693 historiis,
1427 1644 1599 1682 scholam
1629 1655 1793 1683 morem-

221 1713 295 1749 que
324 1703 563 1743 rhetoricum
592 1704 770 1742 redolent
801 1703 921 1742 multo
953 1703 1095 1750 magis,
1138 1714 1252 1750 quam
1278 1714 1374 1750 quas
1398 1701 1603 1740 annalibus
1629 1701 1794 1740 inseruit

219 1759 388 1801 Prorsus
418 1761 594 1800 Sallustii
623 1762 675 1800 ad
704 1761 921 1809 exemplum
951 1761 1171 1810 composuit
1200 1761 1397 1799 orationes
1423 1759 1582 1807 Calgaci
1611 1763 1651 1797 et
1673 1759 1794 1806 Agri-

220 1819 329 1858 colae
357 1818 463 1870 (Agr.
493 1830 525 1858 c.
556 1816 748 1869 30—32).

221 1917 298 1952 Cat.
317 1918 373 1959 58,
394 1920 437 1954 18
455 1929 507 1954 or.
528 1917 631 1953 Catil.
669 1917 769 1952 Cum
786 1927 851 1953 vos
868 1928 973 1952 con-

267 1963 430 2004 sidero,
454 1964 598 2005 milites,
623 1967 660 1998 et
683 1974 764 1998 cum
789 1963 889 1999 facta
911 1974 973 1999 vo-

267 2014 343 2045 stra
373 2014 553 2050 aestum0‚
589 2019 745 2054 magna
779 2020 842 2044 me
872 2019 978 2054 spes-

267 2056 482 2092 victoriae
506 2059 642 2091 tenet.
691 2055 844 2090 Animus
869 2058 972 2090 aetas

266 2101 380 2138 virtus
404 2105 529 2137 vostra
552 2111 609 2137 me
632 2101 844 2141 hortantur,
868 2111 972 2146 prae-

267 2152 369 2183 terea
399 2146 696 2186 necessitudo,
734 2157 827 2191 quae
862 2146 971 2182 etiam

265 2193 412 2229 timidos
435 2193 541 2229 fortis
565 2192 663 2228 facit.

220 2238 303 2276 hist.
321 2240 382 2275 IV.
403 2241 446 2275 61
467 2241 548 2284 (19),
571 2240 623 2274 17.
661 2239 720 2273 An
736 2238 883 2282 ignoras
900 2238 972 2273 Ro-

264 2295 392 2321 manos
429 2289 623 2330 postquam
659 2283 707 2319 ad
737 2283 971 2320 Occidentem

265 2330 556 2377 pergentibus
596 2330 729 2365 finem
772 2330 971 2365 Oceanus

265 2377 389 2417 fecit,
427 2387 527 2413 arma
562 2376 633 2412 huc
670 2376 891 2411 convertisse
927 2396 971 2400 -

265 2433 383 2468 neque
408 2423 601 2467 quicquam
624 2421 693 2457 nisi
711 2425 890 2467 raptum
908 2421 972 2456 ha-

266 2469 353 2505 bere
378 2468 508 2512 quibus
533 2479 605 2504 non
629 2468 790 2503 humana
814 2468 890 2502 ulla
908 2477 971 2502 ne-

268 2524 337 2559 que
356 2514 477 2550 divina
495 2515 644 2551 obstant
657 2514 743 2558 quin
756 2513 873 2549 socios
886 2513 972 2548 ami-

268 2571 348 2601 cos,
384 2560 511 2606 procul
541 2561 645 2596 iuxta
675 2559 779 2599 sitos,
815 2558 971 2604 inopes

266 2617 290 2652 p
299 2617 319 2641 ο
326 2610 366 2641 te
373 2610 420 2641 nt
427 2617 447 2642 c
456 2616 472 2641 s
481 2617 562 2652 que
591 2605 742 2642 trahant
766 2604 971 2640 excindant.

220 2651 270 2697 lg.
289 2654 345 2693 31,
371 2654 423 2687 11.
467 2651 569 2693 Servi
592 2662 675 2688 aere
699 2651 820 2696 parati
837 2650 972 2686 iniusta

266 2698 418 2743 imperia
436 2697 664 2734 dominorum
682 2707 755 2732 non
767 2696 970 2741 perferunt:

266 2754 329 2779 vos
349 2744 508 2789 Quirites
530 2745 568 2780 in
588 2743 739 2789 imperio
758 2743 836 2777 nati
855 2752 971 2787 aequo

267 2790 386 2825 animo
411 2790 622 2826 servitutem
646 2788 836 2824 toleratis?

1042 1918 1128 1962 Agr.
1147 1927 1178 1952 c.
1197 1919 1242 1952 30
1261 1927 1312 1952 or.
1333 1916 1431 1961 Calg.
1467 1916 1685 1959 Quotiens
1709 1926 1792 1951 cau-

1087 1972 1147 1999 sas
1181 1962 1268 1998 belli
1304 1966 1341 1998 et
1369 1962 1689 1998 necessitatem
1718 1973 1792 1997 no-

1087 2012 1223 2044 stram
1251 2009 1444 2048 intueor,
1475 2018 1656 2053 magnus
1689 2007 1792 2042 mihi

1087 2054 1255 2090 animus
1301 2058 1384 2095 est,
1438 2053 1651 2089 hodiernum
1697 2053 1791 2088 diem

1087 2110 1374 2145 consensumque
1402 2103 1563 2135 vestrum
1579 2099 1720 2135 initium
1750 2099 1791 2134 li-

1085 2146 1238 2182 bertatis
1257 2147 1325 2182 toti
1349 2146 1560 2181 Britanniae
1586 2145 1675 2181 fore.
1699 2165 1744 2170 -

1040 2238 1260 2283 Raptores
1290 2238 1410 2274 orbis
1439 2241 1634 2283 postquam
1659 2240 1790 2272 cuncta

1086 2283 1371 2320 vastantibus
1390 2283 1573 2319 defuere
1596 2287 1728 2323 terrae,
1753 2287 1791 2318 et

1086 2339 1185 2365 mare
1223 2334 1450 2370 scrutantur,
1490 2351 1532 2355 —
1568 2329 1600 2364 si
1627 2329 1790 2374 locuples

1086 2375 1202 2411 hostis
1225 2380 1293 2416 est,
1318 2376 1427 2416 avari,
1452 2375 1483 2411 si
1505 2386 1655 2420 pauper,
1681 2375 1792 2410 ambi-

1088 2421 1182 2461 tiosi,
1197 2433 1289 2466 quos
1301 2433 1374 2457 non
1387 2421 1563 2458 Occidens
1576 2432 1649 2456 non
1663 2422 1790 2456 Oriens

1087 2468 1288 2504 satiaverit:
1321 2468 1389 2504 soli
1413 2467 1569 2503 omnium
1593 2477 1701 2512 opes
1725 2471 1791 2502 at-

1087 2523 1168 2557 que
1191 2513 1418 2559 inopiam1)
1441 2514 1522 2559 pari
1539 2512 1686 2548 adfectu
1705 2523 1788 2548 con-

1088 2559 1287 2604 cupiscunt.

1042 2661 1071 2686 c.
1092 2653 1147 2685 31.
1183 2650 1280 2686 Nata
1298 2650 1464 2687 servituti
1481 2650 1660 2695 mancipia
1679 2649 1789 2686 semel

1086 2700 1245 2732 veneunt
1258 2700 1367 2741 atque
1380 2697 1477 2732 ultro
1490 2707 1512 2732 a
1526 2696 1677 2732 dominis
1690 2696 1791 2731 alun-

1087 2746 1157 2777 tur.
1210 2743 1400 2778 Britannia
1442 2742 1653 2779 servitutem
1688 2752 1790 2777 suam

1086 2787 1234 2824 cottidie
1259 2789 1355 2830 emit,
1380 2788 1528 2824 cottidie
1552 2788 1678 2833 pascit.

317 2894 341 2935 ¹)
365 2895 422 2927 cfr.
450 2894 518 2927 Cat.
541 2895 593 2933 ll,
618 2895 639 2927 3
665 2893 802 2926 avaritia
827 2903 934 2934 neque
959 2892 1054 2934 copia
1077 2903 1186 2934 neque
1210 2894 1319 2935 inopia
1344 2895 1511 2926 minuitur.
