1950 3198
843 191 1128 231 -.ῃ-

196 307 378 347 Ovidium
409 307 745 355 circumplaudere
775 307 878 353 alqd.
907 305 1038 356 (Trist.
1064 305 1102 351 4,
1128 307 1164 351 2,
1190 303 1268 354 49),
1299 306 1405 352 apud
1429 304 1584 343 Livium
1611 304 1776 343 circum-

197 366 324 404 colere
353 366 432 414 (15,
465 365 529 411 33,
563 366 628 403 10.
674 365 738 411 31,
769 364 836 410 41,
862 362 901 411 4)
933 362 1130 410 -equitare
1153 361 1234 413 (10,
1259 362 1325 409 34,
1352 361 1390 411 7)
1414 362 1575 400 ·vadere
1600 363 1702 409 alqd.
1726 362 1777 411 (9,

196 424 264 469 40,
296 423 348 461 13
379 421 453 471 al.).
513 422 660 460 Seneca
695 421 844 468 primus
880 419 1000 458 habet
1038 419 1362 467 circumstrepere
1390 419 1452 469 (de
1481 420 1549 458 vit.
1579 420 1681 458 beat.
1715 421 1779 457 11.

197 480 288 518 Tac.
326 479 416 518 hist..
447 478 503 526 Π,
534 479 590 516 44
626 480 778 526 legatus
809 477 1159 525 circumstrepitur.
1220 476 1333 524 Apul.
1364 477 1465 525 apol.
1500 477 1551 516 75
1583 476 1779 515 fenestrae

196 537 564 587 circumstrepitae),
601 534 912 574 circumfremere
947 535 1066 585 (cons.
1102 535 1154 573 ad
1190 535 1313 573 Marc.
1345 536 1388 581 7,
1419 535 1457 583 2)
1486 534 1781 572 circumlatrare

191 594 298 643 (ibid.
337 594 408 639 22,
450 593 488 642 3)
523 594 626 640 alqd.
665 614 717 621 —
754 592 899 630 Postea
942 592 1034 631 novi
1075 603 1153 630 non
1194 592 1358 630 multum
1395 591 1630 639 invenimus,
1672 592 1776 638 apud

193 651 371 689 Tacitum
402 654 441 689 et
469 650 639 689 Plinium
670 649 779 688 nihil.
806 671 858 677 --
885 649 1021 697 Neque
1045 650 1166 688 verba
1190 659 1277 687 cum
1302 649 1663 696 praepositionibus
1689 659 1778 696 per-

191 711 495 755 praeter-trans
538 707 756 755 composita
797 707 913 754 vulgo
957 717 1043 745 cum
1085 707 1310 745 accusativo
1353 717 1431 744 non
1474 706 1777 753 coniunguntur,

192 776 356 812 quorum
403 768 535 803 tamen
570 775 701 811 usum,
737 775 822 802 cum
860 764 911 802 ad
948 763 1215 812 quaestionem
1253 766 1428 802 nostram
1466 763 1564 802 nihil
1602 762 1778 810 afferant,

193 823 430 870 supersedeo
461 821 685 860 accuratius
718 822 998 861 demonstrare.

310 879 454 918 Rarius
493 879 646 918 accedit
680 875 929 918 accusativus
958 879 1010 917 ad
1040 878 1161 918 verba
1191 889 1278 916 cum
1309 878 1669 926 praepositionibus
1701 878 1776 917 ad-

199 940 311 976 ante-
323 948 418 984 prae
426 937 490 974 -111
503 937 629 975 —inter
637 957 653 964 -
662 937 711 975 ob
721 957 736 964 -
747 936 818 975 sub
828 957 847 964 -
856 936 992 975 subter
1022 935 1252 983 composita.

315 994 352 1044 1)
381 995 443 1032 ad.
495 994 656 1033 Veteres
687 1005 774 1032 cum
804 994 1028 1032 accusativo
1055 993 1298 1041 coniungunt
1322 997 1479 1041 praeter
1504 992 1624 1033 verba
1649 993 1782 1031 ‘adire’

197 1057 236 1090 et
265 1051 453 1100 ‘aggredi’
483 1052 600 1098 vulgo
634 1051 691 1089 ita
719 1054 911 1098 usurpata
935 1051 1048 1090 haec:
1079 1050 1258 1090 accidere
1280 1051 1409 1090 Plaut.
1436 1051 1548 1090 stich.
1575 1051 1629 1089 88
1655 1062 1780 1089 aures.

195 1109 310 1148 Lucr.
349 1110 394 1155 5,
426 1109 508 1147 608
551 1109 749 1147 interdum
793 1112 942 1155 segetes
985 1108 1250 1156 stipulamque
1290 1108 1467 1147 videmus
1503 1109 1692 1146 Accidere
1734 1120 1782 1146 ex

191 1167 281 1206 viva
328 1166 498 1204 scintilla
541 1165 724 1205 incendia
760 1166 918 1214 passim.
951 1188 1003 1194 ——
1035 1165 1277 1205 accumbere.
1311 1166 1438 1204 Plaut.
1475 1166 1579 1204 Meu.
1603 1167 1651 1204 'v.
1683 1166 1780 1204 476.

195 1224 321 1262 1144.
369 1223 511 1262 Bacch.
552 1224 675 1262 1189.
735 1223 816 1262 Att.
847 1227 896 1262 tr.
926 1235 961 1262 v.
995 1224 1089 1262 218.
1149 1223 1271 1262 Lucil.
1309 1223 1376 1262 lib.
1406 1223 1519 1262 XIII.
1552 1235 1586 1261 v.
1619 1225 1641 1262 7
1675 1234 1780 1260 men-

195 1293 294 1328 sam,
329 1284 512 1319 scortum.
547 1302 599 1308 -
631 1281 825 1319 accubare
859 1281 986 1319 Plaut.
1017 1281 1160 1319 Bacch.
1194 1282 1245 1319 72
1285 1284 1468 1319 scortum.
1493 1302 1545 1308 --—
1574 1280 1782 1318 adhinnire

197 1339 324 1376 Plaut.
350 1359 403 1366 —-
429 1338 607 1376 accolere
630 1338 750 1376 Naev.
776 1360 828 1366 ——
856 1339 1051 1377 accedere.
1099 1338 1225 1376 Huius
1251 1338 1361 1377 verbi
1380 1340 1617 1376 structuram
1637 1337 1782 1375 transi-

200 1396 322 1434 tivam
354 1399 517 1443 propter
547 1395 829 1443 Nipperdeium
860 1396 910 1434 ad
941 1407 1029 1434 ann.
1060 1394 1150 1442 XII,
1182 1396 1247 1441 31,
1281 1397 1304 1434 2
1331 1399 1370 1434 et
1394 1393 1686 1444 Draegerum1),
1718 1395 1783 1442 qui

197 1457 288 1491 ante
325 1453 503 1490 Tacitum
542 1463 627 1490 eam
666 1452 866 1491 vindicant
895 1452 1067 1491 Varroni
1097 1452 1242 1501 Nepoti
1272 1453 1457 1491 Sallustio
1495 1453 1606 1499 solis,
1642 1463 1781 1490 moneo

199 1511 326 1548 multo
353 1510 508 1557 saepius
532 1510 717 1548 inveniri:
748 1510 872 1548 Plaut.
899 1513 1012 1548 most.
1038 1510 1132 1549 674.
1163 1510 1277 1557 Epid.
1300 1510 1380 1549 149
1405 1509 1628 1560 (periclum).
1659 1509 1782 1548 Lucil.

201 1567 269 1606 lib.
300 1566 371 1606 111.
404 1578 438 1606 v,
472 1568 525 1605 13
566 1570 609 1605 ut
646 1567 820 1606 Setinum
857 1567 1092 1606 accessimus
1129 1565 1254 1606 finem.
1307 1567 1408 1607 Enn.
1444 1571 1493 1606 tr.
1523 1579 1559 1606 v.
1591 1567 1672 1606 313
1705 1578 1783 1605 non

198 1625 304 1672 potis
343 1624 489 1663 accedi.
547 1635 634 1662 ann.
672 1623 720 1664 fr.
751 1637 788 1663 v.
820 1626 914 1664 527.
968 1624 1050 1663 Att.
1081 1627 1130 1663 tr.
1162 1636 1195 1663 V.
1229 1625 1310 1663 218
1375 1626 1430 1663 M.
1469 1623 1570 1663 Cael.
1607 1625 1698 1663 hist.
1734 1623 1783 1663 fr.

199 1683 266 1720 41.
299 1685 456 1720 terram.
513 1681 609 1728 Nep.
641 1681 773 1721 Them.
804 1684 842 1729 4,
876 1684 895 1720 1
931 1686 1032 1722 astu.
1083 1681 1211 1720 Hann.
1242 1682 1280 1728 8,
1314 1684 1332 1720 1
1368 1681 1554 1721 Africam.
1603 1682 1716 1720 Varr.
1748 1683 1783 1720 d.

202 1751 231 1777 r.
265 1751 296 1778 r.
331 1741 367 1785 1,
400 1742 435 1784 7,
467 1739 492 1777 8
523 1738 673 1786 aliquot
703 1739 895 1786 regiones.
945 1738 1037 1778 Sall.
1068 1738 1126 1787 Ig.
1156 1740 1218 1785 18,
1245 1741 1282 1778 9.
1330 1741 1395 1786 20,
1422 1740 1459 1778 3.
1504 1741 1570 1785 62,
1598 1741 1632 1778 1.
1666 1740 1730 1786 71,
1756 1741 1780 1777 5

199 1798 266 1842 97,
299 1797 339 1837 3.
389 1795 504 1843 Verg.
536 1796 631 1834 Aen.
663 1795 700 1842 Ι,
732 1798 811 1836 201
852 1797 1045 1844 scopulos.
1088 1809 1123 1835 v.
1155 1798 1235 1836 307
1275 1808 1371 1844 quas
1409 1801 1524 1835 vento
1562 1800 1783 1836 accesserat

201 1865 302 1892 oras.
348 1853 439 1892 Tac.
467 1847 557 1892 hist.
583 1852 634 1900 II,
661 1855 727 1893 27.
769 1853 841 1901 III,
869 1855 934 1892 24.
977 1866 1064 1892 ann.
1091 1853 1141 1901 II,
1167 1854 1233 1892 58.
1276 1854 1367 1902 XII,
1394 1855 1459 1894 31.
1488 1855 1552 1893 33.
1589 1854 1695 1900 XIV,
1715 1855 1781 1893 35.

200 1910 319 1950 Verbi
355 1910 476 1958 igitur
506 1912 715 1950 ‘accedere'
746 1915 983 1950 structuram
1015 1911 1264 1950 transitivam
1295 1915 1468 1950 veterum
1500 1915 1782 1959 poetarumque

202 1968 370 2007 sermoni
399 1967 696 2007 vindicabimus.
729 1991 780 1996 —-
812 1969 929 2016 Apud
960 1980 1103 2009 aureae
1134 1970 1275 2008 aetatis
1308 1970 1520 2018 scriptores
1552 1981 1636 2008 cum
1669 1981 1782 2007 accu-

200 2026 326 2064 sativo
357 2025 565 2064 coniuncta
595 2026 811 2067 invenimus
842 2026 963 2065 verba
993 2028 1104 2065 haec:
1136 2027 1247 2065 adire
1278 2027 1440 2075 aggredi
1471 2027 1621 2066 adoriri
1646 2038 1782 2065 ascen-

198 2084 290 2122 dere
320 2083 496 2122 accolere
526 2083 712 2122 advolare
741 2083 833 2129 (Cic.
867 2085 928 2122 ad.
959 2084 1039 2122 Att.
1075 2086 1110 2130 1,
1138 2084 1201 2130 14,
1228 2084 1266 2133 5)
1296 2085 1443 2123 adnare
1472 2084 1594 2134 (Caes.
1621 2084 1657 2123 b.
1683 2096 1715 2123 c.
1743 2085 1780 2130 2,

197 2141 264 2187 44,
298 2140 334 2190 1)
371 2139 552 2179 adiacere
589 2140 696 2190 (Nep.
736 2141 860 2179 Thim.
899 2142 941 2188 2,
976 2143 1012 2180 1.
1061 2141 1146 2180 Liv.
1182 2144 1223 2187 7,
1258 2143 1327 2188 12,
1361 2140 1399 2191 6)
1439 2142 1648 2181 Sallustius
1686 2141 1782 2181 dicit

201 2197 292 2236 hist.
322 2196 370 2236 fr.
402 2197 475 2236 inc.
507 2199 560 2236 92
591 2198 673 2247 (60)
708 2208 834 2245 genua
864 2202 1020 2245 patrum
1053 2199 1325 2246 advolvuntur,
1357 2199 1466 2238 cuius
1497 2200 1607 2238 verbi
1638 2199 1678 2237 in
1708 2210 1782 2237 usu

200 2266 287 2293 eum
313 2258 527 2302 sequuntur
545 2255 707 2293 Tacitus
731 2255 823 2294 hist.
850 2255 916 2302 IV,
942 2256 992 2293 81
1022 2266 1150 2302 genua
1175 2256 1257 2295 eius
1283 2257 1517 2296 advolvitur.
1555 2268 1645 2296 ann.
1671 2256 1701 2303 I,
1731 2257 1781 2294 13

197 2323 283 2350 cum
314 2312 465 2350 Tiberii
503 2323 630 2359 genua
667 2313 953 2351 advolveretur.
1005 2313 1075 2360 VI,
1107 2314 1160 2352 49
1201 2325 1433 2362 quamquam
1471 2325 1598 2361 genua
1628 2317 1783 2362 patrum

203 2369 486 2408 advolveretur.
537 2369 621 2416 XV,
647 2371 696 2409 71
732 2381 860 2417 genua
890 2370 1014 2418 ipsius
1041 2371 1197 2410 advolvi
1223 2394 1274 2399 —
1303 2375 1342 2410 et
1365 2371 1554 2420 Apuleius
1580 2376 1668 2410 met.
1696 2372 1732 2417 6,
1759 2372 1782 2409 2

198 2427 315 2473 pedes
354 2426 438 2464 eius
468 2427 664 2466 advoluta.
708 2429 809 2475 apol.
841 2439 871 2466 c.
906 2428 971 2478 94.
1033 2427 1183 2467 Deinde
1214 2429 1479 2468 accusativum
1511 2429 1622 2468 addit
1652 2429 1784 2467 verbis

200 2483 399 2521 ‘assidEre’
429 2483 484 2530 lg.
516 2486 580 2530 11,
612 2486 636 2522 2
670 2485 808 2523 dextra
831 2485 1094 2524 Adherbalem
1120 2486 1275 2525 adsedit
1307 2508 1359 2514 —
1392 2491 1430 2525 et
1460 2486 1660 2525 ‘assidere’
1691 2486 1782 2526 hist.

202 2539 264 2578 IV.
297 2541 349 2579 42
373 2541 433 2589 (1)
471 2541 721 2589 Amisumque
752 2542 923 2581 adsideri
959 2542 1163 2591 audiebat,
1195 2566 1247 2571 —
1281 2545 1385 2590 quod
1427 2545 1588 2583 verbum
1626 2547 1782 2591 praeter

200 2607 286 2635 811111
317 2598 373 2635 ita
403 2602 594 2646 usurpant
625 2599 699 2638 soli
729 2604 868 2647 poetae
899 2603 938 2637 et
969 2600 1145 2639 Tacitus:
1179 2600 1294 2647 Verg.
1325 2602 1421 2640 Aen.
1450 2603 1514 2648 11,
1541 2602 1623 2640 304
1650 2612 1781 2639 muros

200 2654 355 2693 adsidet
412 2653 496 2693 Val.
525 2655 653 2694 Flacc.
686 2658 730 2702 5,
762 2657 842 2695 335
883 2668 943 2695 me
980 2657 1110 2704 gravis
1147 2659 1302 2697 adsidet
1337 2659 1473 2697 hostis.
1524 2658 1591 2697 Sil.
1623 2660 1666 2705 9,
1698 2659 1782 2697 624

200 2711 354 2750 adsidet
384 2722 506 2750 arces.
558 2714 627 2759 12,
658 2714 740 2752 453
779 2716 961 2752 adsessos
993 2714 1150 2762 Capuae
1188 2726 1330 2754 muros.
1378 2716 1471 2755 Tae.
1504 2727 1592 2754 ann.
1622 2715 1695 2763 IV,
1727 2717 1781 2754 58

201 2769 354 2806 moenia
391 2768 500 2806 urbis
531 2771 726 2810 adsidens,
778 2771 848 2818 VI,
880 2772 933 2810 43
966 2772 1183 2812 adsidendo
1216 2773 1427 2813 castellum,
1460 2796 1516 2802 —
1546 2773 1623 2813 Sed
1653 2773 1694 2812 in
1724 2770 1781 2820 Ig.

296 2891 320 2935 ¹)
345 2892 437 2934 Synt.
464 2892 533 2925 und
558 2893 617 2926 Stil
644 2894 704 2926 des
729 2895 807 2927 Tac.
835 2894 855 2939 ξ
880 2895 934 2930 20.
