1950 3198
869 91 1151 156 ⁴-34-

225 230 330 268 modi
361 230 640 268 adiectivorum
673 231 733 268 vel
763 229 1023 268 accidentium
1050 229 1365 276 substantivatio,
1395 233 1438 266 ut
1464 229 1520 267 ita
1545 228 1681 274 dicam,
1712 229 1803 267 sub·

225 287 390 325 limioris
426 287 581 326 videtur
617 287 771 333 generis
803 286 957 325 dicendi
988 298 1073 324 esse
1105 297 1227 333 neque
1257 285 1384 333 poetis
1415 309 1466 313 —
1501 285 1691 333 imprimis
1721 286 1803 334 epi-

224 345 280 382 cis
313 367 364 372 -
399 356 475 382 non
512 345 552 382 in
590 345 720 390 gratia
757 348 833 382 est:
876 343 1039 391 legimus
1076 344 1181 390 apud
1216 342 1372 382 Lucret.
1411 345 1451 390 1,
1483 344 1564 382 315
1603 347 1805 390 strataque

224 402 301 439 iam
326 402 432 448 vulgi
456 401 622 448 pedibus
649 401 794 439 detrita
819 401 969 439 viarum
995 411 1113 438 saxea
1138 399 1408 447 conspicimus.
1434 412 1467 438 v.
1489 401 1571 439 340
1590 411 1660 448 per
1682 400 1805 438 maria

226 459 469 505 sublimaque
506 458 614 496 caeli.
652 470 686 496 v.
713 459 795 498 354
833 458 937 496 inter
967 461 1104 505 saepta
1135 461 1263 495 meant
1293 469 1407 496 voces
1439 460 1477 496 et
1507 458 1640 496 clausa
1670 457 1805 496 domo·

224 527 310 553 rum
330 515 618 554 transvolitant.
649 526 683 553 v,
706 515 787 553 489
816 526 886 562 per
907 518 1043 562 saepta
1063 516 1265 553 domorum
1286 515 1433 553 clamor
1451 515 1493 552 it.
1525 515 1639 561 Verg.
1668 516 1702 561 1,
1722 515 1804 553 422

226 573 392 611 miratur
428 576 564 620 portas
603 571 884 619 strepitumque
920 575 959 610 et
995 575 1122 610 strata
1158 571 1320 610 viarum.
1367 584 1401 610 v.
1427 572 1510 610 310
1540 583 1712 610 convexa
1743 583 1806 610 ne·

227 641 388 668 morum.
437 630 474 675 4,
506 630 585 667 451
627 640 800 667 convexa
830 629 938 667 caeli.
998 629 1093 667 Hor.
1125 640 1241 666 carm.
1273 629 1310 675 4,
1344 630 1408 675 12,
1442 630 1492 668 19
1523 640 1659 667 amara
1689 640 1804 666 cura-

223 698 320 724 rum.
371 689 443 724 sat.
476 688 520 732 2,
552 687 594 733 2,
628 687 680 725 25
718 697 819 724 vana
855 697 995 724 rerum.
1040 687 1081 733 2,
1119 687 1161 732 8,
1199 687 1252 724 83
1290 685 1391 724 fictis
1422 697 1564 725 rerum.
1607 697 1671 724 ars
1704 690 1806 733 poet.

225 745 277 782 49
316 744 452 782 abdita
512 755 654 781 rerum.
686 743 753 782 Ov.
790 748 878 782 met.
918 742 949 781 I.
980 743 1062 782 479
1101 754 1301 781 nemorum
1337 743 1426 781 avia
1461 743 1616 781 lustrat.
1659 755 1692 781 v.
1723 744 1806 782 594

225 812 424 839 nemorum
457 803 609 839 secreta
674 800 819 839 Lucan.
854 802 917 846 10,
945 801 1025 839 253
1052 800 1224 838 trahitur
1249 801 1481 848 Gangesque
1504 800 1713 847 Padusque
1737 812 1807 848 per

224 858 386 896 tacitum
424 857 567 896 mundi.
628 858 756 896 Multo
794 858 923 896 rarior
959 857 992 895 is
1028 869 1121 896 usus
1158 861 1218 895 est
1255 858 1359 905 apud
1390 857 1584 905 pedestris
1616 858 1806 895 orationis

226 915 450 962 scriptores,
475 915 516 952 in
543 914 684 961 quibus
709 915 881 961 Tacitus,
913 915 979 961 qui
1004 915 1136 961 generi
1163 915 1318 953 dicendi
1343 915 1497 961 poetico
1522 926 1662 962 magno
1689 926 1805 962 opere

228 972 419 1018 studeret,
463 972 634 1010 omnium
671 972 898 1019 longissime
934 983 1167 1019 progressus
1204 974 1278 1010 est:
1323 972 1413 1010 Sall.
1450 971 1507 1018 Ig.
1538 972 1604 1019 48,
1636 973 1660 1011 3
1698 971 1803 1010 humi

227 1030 339 1068 arido
376 1032 494 1076 atque
535 1040 714 1068 arenoso.
775 1029 963 1068 Similiter
1000 1029 1090 1067 Tac.
1127 1040 1215 1067 ann.
1245 1029 1282 1076 I,
1320 1031 1370 1068 61
1410 1029 1570 1067 humido
1606 1029 1803 1076 paludum.

224 1086 309 1124 Liv.
341 1088 379 1133 9,
410 1087 447 1133 3,
481 1088 500 1123 1
535 1098 606 1133 per
643 1087 774 1125 obices
818 1086 985 1133 viarum,
1028 1097 1099 1134 per
1134 1087 1298 1124 adversa
1333 1086 1539 1134 montium,
1580 1098 1650 1133 per
1686 1086 1803 1125 silvas

225 1155 368 1182 eamus.
424 1145 488 1190 36,
517 1146 567 1182 27
601 1144 762 1191 antiqua
787 1143 998 1183 foederum.
1047 1143 1142 1181 Vell.
1169 1145 1205 1190 2,
1233 1145 1296 1190 75,
1323 1145 1346 1182 3
1373 1144 1461 1181 avia
1485 1143 1680 1182 itinerum.
1717 1143 1803 1181 Val.

223 1201 333 1239 Max.
365 1201 402 1247 3,
434 1202 470 1247 2,
506 1202 558 1239 1Ο
589 1201 740 1239 lubrico
771 1201 911 1248 pelagi.
972 1200 1079 1238 Curt.
1113 1203 1149 1247 7,
1182 1202 1247 1247 11,
1280 1202 1331 1239 18
1369 1201 1410 1238 in
1440 1200 1554 1238 inviis
1586 1204 1624 1239 et
1653 1201 1803 1248 asperis

226 1270 420 1297 saxorum.
470 1258 559 1297 Tac.
592 1259 682 1296 hist.
711 1259 743 1305 I,
776 1260 828 1297 79
860 1257 1012 1296 lubrico
1043 1257 1236 1297 itinerum.
1283 1257 1335 1305 H,
1361 1259 1415 1297 88
1440 1258 1538 1296 viae.
1581 1269 1670 1296 ann.
1696 1258 1724 1304 Ι,
1749 1259 1801 1297 65

225 1315 415 1362 sanguine
444 1327 514 1353 suo
541 1319 580 1353 et
603 1315 754 1354 lubrico
780 1316 964 1362 paludum
989 1315 1201 1362 lapsantes.
1248 1316 1351 1354 adde
1380 1327 1468 1353 ann.
1499 1315 1565 1362 VI,
1596 1315 1662 1354 49.
1697 1314 1803 1362 XIV,

226 1374 292 1411 56.
334 1373 423 1410 hist.
448 1372 479 1419 Ι,
507 1374 560 1411 10
591 1373 743 1411 occulta
763 1372 846 1410 fati.
888 1372 958 1418 111,
984 1373 1036 1410 65
1065 1371 1299 1410 offensarum
1324 1376 1473 1420 operta.
1504 1383 1535 1410 6.
1562 1374 1614 1411 76
1640 1383 1803 1411 amoena

225 1430 397 1468 litorum.
450 1442 481 1468 o.
512 1431 565 1468 82
604 1441 674 1477 per
704 1433 870 1476 angusta
901 1433 939 1467 et
968 1429 1120 1467 lubrica
1150 1429 1311 1468 viarum.
1362 1430 1429 1477 IV,
1461 1431 1512 1468 35
1549 1430 1700 1467 viarum
1730 1441 1803 1467 an-

225 1490 351 1534 gusta.
394 1499 426 1526 c.
460 1488 514 1525 50
545 1498 615 1534 per
645 1487 846 1525 inaccessa
876 1486 1099 1533 mapalium.
1143 1499 1173 1524 c.
1206 1488 1260 1525 7O
1290 1488 1415 1526 ardua
1443 1487 1613 1535 Alpium.
1655 1498 1731 1524 ann
1756 1486 1803 1533 -Ῑ,

227 1546 277 1583 17
310 1545 459 1582 inculta
489 1544 688 1582 montium.
732 1556 762 1582 c.
795 1546 846 1583 61
881 1544 1033 1582 occulta
1064 1544 1243 1582 saltuum.
1285 1556 1316 1582 c.
1344 1546 1396 1583 65
1430 1545 1607 1582 subiecta
1631 1544 1799 1581 vallium.

222 1602 275 1648 II,
301 1602 354 1641 68
385 1602 474 1639 avia
505 1603 684 1640 saltuum.
727 1601 795 1648 IV,
820 1602 871 1639 41
899 1601 1022 1639 tacita
1048 1601 1324 1648 suspicionum.
1367 1614 1398 1639 c.
1424 1602 1477 1641 46
1504 1601 1692 1639 montium
1716 1601 1799 1639 edi-

223 1659 286 1697 tis.
329 1670 360 1697 6.
387 1661 438 1698 67
473 1670 589 1697 saeva
613 1662 826 1697 ventorum.
869 1658 935 1705 VI,
959 1659 1012 1695 45
1046 1658 1338 1697 simulationum
1361 1658 1472 1697 falsa.
1514 1658 1582 1706 XI,
1608 1659 1631 1696 9
1659 1658 1800 1696 castel-

223 1717 349 1754 lorum
379 1716 517 1754 ardua.
559 1715 649 1763 XII,
681 1717 734 1755 56
766 1715 955 1754 montium
986 1715 1104 1754 edita.

441 1848 494 1891 B.
544 1848 612 1891 De
642 1849 863 1902 genetivo
895 1849 1103 1894 relativo
1135 1849 1387 1894 adiectivis
1418 1849 1596 1895 addito.

340 1943 400 1980 De
437 1943 596 1981 notione
626 1943 797 1990 genetivi
827 1944 989 1991 propria
1020 1944 1196 1991 quamvis
1229 1944 1462 1983 dissentiant
1490 1943 1567 1982 viri
1597 1944 1719 1991 docti,
1761 1945 1803 1983 in

225 2002 300 2039 hoc
330 2011 463 2038 omnes
495 2000 740 2047 conveniunt,
772 2002 875 2047 quod
905 2001 1127 2048 genetivum
1158 2002 1303 2040 ducant
1331 2013 1404 2048 pro
1435 2013 1481 2039 eo
1506 2012 1611 2048 casu,
1643 2002 1708 2048 qui
1733 2014 1802 2041 no-

226 2058 358 2104 minis,
396 2057 459 2095 cui
494 2057 669 2103 additur,
708 2057 820 2104 quasi
851 2058 1018 2104 speciem
1049 2057 1251 2105 significet.
1313 2058 1523 2098 Genetivus
1554 2059 1676 2105 igitur
1707 2071 1801 2106 quo-

227 2115 331 2152 niam
363 2126 476 2153 casus
501 2117 560 2152 est
585 2114 855 2161 adnominalis,
886 2116 936 2153 ad
961 2115 1156 2154 adiectiva
1181 2127 1334 2163 quoque
1358 2116 1510 2154 accedit
1533 2118 1802 2156 tantummodo

227 2175 389 2219 propter
426 2182 559 2209 eorum
597 2171 766 2210 indolem
804 2172 1055 2220 nominalem‚
1097 2173 1138 2211 id
1175 2174 1279 2220 quod
1317 2173 1462 2220 optime
1499 2174 1726 2220 agnoscitur
1762 2174 1803 2211 in

227 2228 448 2276 participiis
479 2229 697 2275 praesentis
727 2228 858 2275 activi,
889 2229 1029 2276 quibus
1060 2230 1308 2276 genetivus
1339 2230 1515 2276 additur,
1552 2230 1585 2268 si
1616 2231 1803 2268 nomina

228 2285 335 2333 fiunt,
366 2285 686 2333 accusativus,
718 2286 750 2324 si
774 2285 851 2324 vim
882 2286 1052 2325 retinent
1076 2287 1325 2325 verbalem.
1374 2288 1510 2334 Neque
1534 2287 1648 2325 aliter
1672 2299 1736 2326 res
1761 2300 1803 2326 se

228 2344 347 2382 habet
378 2344 425 2382 de
454 2342 557 2381 veris
588 2343 804 2390 adiectivis‚
836 2343 976 2390 quibus
1007 2344 1207 2391 genetivus
1238 2344 1465 2392 adiungitur
1495 2347 1539 2382 ut
1569 2344 1802 2391 nominibus,

228 2401 423 2439 ablativus
454 2400 515 2439 vel
546 2400 701 2439 dativus
730 2401 792 2439 vel
821 2401 1146 2448 praepositiones,
1178 2401 1211 2439 si
1241 2402 1403 2449 propius
1434 2403 1624 2440 accedunt
1653 2403 1704 2440 ad
1734 2414 1803 2440 no-

228 2458 374 2496 tionem
398 2457 594 2496 verbalem
618 2458 723 2496 velut
747 2457 915 2505 peritum
940 2470 1026 2496 esse
1049 2459 1215 2496 alicuius
1240 2459 1297 2497 rei
1323 2462 1362 2497 et
1381 2459 1512 2507 aliqua
1532 2470 1575 2497 re
1593 2460 1654 2497 vel
1671 2459 1712 2497 in
1732 2459 1802 2497 ali—

230 2527 307 2562 qua
331 2526 385 2562 re,
411 2515 633 2561 imperitum
659 2516 793 2553 rudem
819 2514 984 2553 alicuius
1004 2515 1063 2553 rei
1082 2519 1121 2553 61
1145 2515 1185 2553 111
1205 2515 1337 2563 aliqua
1355 2528 1409 2562 re,
1435 2516 1652 2555 studiosum
1665 2514 1693 2565 ¹)
1711 2528 1802 2564 pro-

230 2573 357 2620 prium
401 2572 564 2611 similem
608 2572 835 2610 dissimilem
878 2584 963 2610 esse
998 2572 1162 2611 alicuius
1198 2573 1257 2612 rei
1292 2576 1331 2611 et
1366 2573 1485 2611 alicui
1521 2573 1595 2619 rei,
1639 2585 1802 2620 quorum

229 2629 440 2678 praecipue
470 2632 670 2676 postrema
701 2629 912 2667 dilucidum
944 2633 1002 2667 est
1032 2630 1119 2677 plus
1150 2630 1294 2668 habere
1320 2631 1491 2669 notionis
1517 2631 1736 2676 nominalis,
1766 2630 1799 2669 si

230 2699 315 2724 cum
347 2686 525 2734 genetivo
557 2687 856 2733 coniunguntur.
910 2687 1045 2734 Neque
1081 2686 1196 2725 aliter
1227 2687 1434 2726 Sallustius
1465 2699 1550 2725 cum
1582 2687 1729 2726 diceret
1759 2687 1799 2726 in

324 2810 350 2854 ¹)
374 2810 478 2843 Plaut.
504 2810 571 2843 mil.
596 2810 664 2845 802
688 2809 850 2843 adulterio
875 2811 1058 2845 studiosus.
