1950 3198
829 177 1109 221 ...29—

186 295 255 342 git’
279 316 346 342 -—,
376 306 476 343 quae
499 295 620 334 verba
643 294 804 333 Tacitus
834 293 989 338 videtur
1018 292 1206 331 memoria
1235 292 1417 338 tenuisse,
1447 303 1534 329 cum
1564 292 1753 331 scriberet

185 353 275 391 hist.
306 351 375 400 III,
404 353 461 392 30
496 363 541 391 ac
576 363 712 391 rursus
748 362 850 390 nova
885 351 1063 388 laborum
1099 349 1232 388 facies.
1292 348 1406 396 Verg.
1441 350 1537 389 Aen.
1573 349 1639 395 VI,
1669 350 1753 388 560

185 409 292 456 Quae
322 411 508 449 scelerum
537 409 669 449 facies.
729 408 794 447 Sil.
826 408 864 454 4,
894 408 976 446 593
1008 408 1112 445 mille
1141 407 1210 446 leti
1238 406 1369 445 facies.

298 467 475 515 Denique
502 466 615 506 ‘facie
639 466 803 506 alicuius
827 465 896 504 rei’
919 465 1081 512 legimus
1106 477 1178 514 pro
1202 465 1343 512 ‘specie
1367 463 1531 502 alicuius
1555 464 1624 502 rei'
1648 464 1752 511 apud

186 525 345 571 Quintil.
375 526 418 572 8,
448 526 473 564 5
510 524 611 563 facie
645 524 792 572 ingenii
828 544 879 551 ——
918 526 957 561 et
991 523 1081 563 Tac.
1118 522 1209 561 hist.
1238 522 1294 569 Π,
1325 522 1380 560 54
1416 521 1564 570 publici
1599 520 1753 559 consilii

185 580 298 620 facie.
327 604 382 611 —

299 639 590 679 Substantivum
627 638 863 686 ‘ingenium
899 638 1003 685 quod
1040 638 1139 676 solet
1174 638 1296 676 tribui
1331 640 1483 675 tantum
1518 636 1753 683 hominibus,

158 732 161 733 γ
184 697 338 745 saepius
367 696 610 737 transferunt
640 697 690 734 ad
719 707 782 734 res
806 695 1015 734 inanimas:
1047 695 1138 734 Sall.
1162 695 1252 735 hist.
1275 694 1328 742 II,
1351 695 1403 732 41
1429 692 1521 746 (50),
1547 695 1569 732 9
1596 694 1753 741 ingenio

185 755 372 803 corporis.
415 754 482 802 ΙΙΙ,
510 756 562 794 18
585 753 666 804 (17)
689 754 846 800 ingenio
870 750 972 791 locis
995 753 1086 791 Tac.
1111 753 1200 791 hist.
1225 752 1256 800 I,
1281 753 1332 791 51
1360 752 1518 800 ingenio
1542 752 1619 791 loci
1639 751 1754 790 caeli-

185 823 269 859 que.
311 811 363 860 II,
393 813 419 850 4
450 812 499 851 ob
526 805 726 859 'ingenium
755 810 898 849 montis
929 822 1017 849 ann.
1047 810 1111 857 VI,
1142 811 1193 848 41
1227 811 1401 849 locorum
1432 810 1600 857 ingenio.
1653 809 1754 848 adde

184 870 276 907 hist.
300 869 348 917 II,
375 871 440 909 71.
476 881 564 908 ann.
585 868 673 916 XII,
699 869 765 907 30.
800 868 903 915 XVI,
930 869 995 907 20.
1032 868 1185 907 Similia
1210 868 1383 915 quamvis
1408 878 1502 908 raro
1527 868 1631 916 apud
1656 867 1754 905 alios

185 938 339 974 quoque
375 927 586 975 scriptores
621 926 809 974 reperies:
859 926 973 972 Verg.
1011 926 1143 973 Georg
1173 927 1214 973 2,
1248 927 1328 964 177
1365 937 1548 965 arvorum
1584 924 1753 972 ingenia.

184 983 252 1023 Ov.
282 985 401 1024 Trist.
426 986 463 1032 5,
490 986 555 1031 10,
581 986 632 1024 18
657 984 746 1023 loci.
798 983 882 1022 Liv.
909 984 973 1031 28,
1001 985 1052 1022 12
1083 984 1257 1022 locorum
1287 983 1563 1030 hominumque
1586 983 1755 1030 ingenia.

185 1043 251 1089 37,
281 1042 336 1080 54
365 1042 563 1089 ingenium
586 1046 728 1080 terrae.
773 1041 871 1080 Plin.
900 1043 964 1088 17,
989 1043 1026 1088 2,
1053 1043 1103 1079 19
1130 1041 1219 1080 loci.
1258 1041 1454 1079 ·Praetera
1478 1040 1612 1080 confer
1635 1040 1755 1078 Naev.

185 1103 232 1138 tr.
263 1111 298 1138 v.
330 1100 383 1138 28
419 1100 576 1146 ingenio
613 1100 775 1138 arbusta
810 1099 878 1137 ubi
913 1102 1008 1137 nata
1043 1102 1134 1137 sunt
1169 1110 1247 1137 non
1284 1099 1424 1138 obsita.
1484 1099 1574 1138 Sall.
1605 1098 1696 1136 hist.
1726 1098 1755 1144 l,

186 1158 237 1197 61
269 1157 350 1207 (61)
385 1158 483 1196 duas
518 1157 665 1196 insulas
703 1178 755 1185 —-
795 1157 1048 1195 constabat
1091 1159 1258 1205 suopte
1300 1157 1493 1204 ingenio
1529 1156 1756 1194 alimenta

189 1214 469 1254 mortalibus
493 1215 698 1262 gignere.
739 1214 830 1253 Tac.
854 1214 944 1253 hist.
960 1214 1003 1261 V,
1026 1215 1078 1252 14
1103 1214 1271 1254 latitudo
1296 1225 1561 1263 camporum
1586 1217 1756 1261 suopte

191 1272 382 1319 ingenio
411 1272 708 1311 humentium.

302 1329 457 1377 Restat,
486 1333 530 1368 ut
558 1330 598 1368 in
629 1329 957 1378 comparationem
988 1340 1166 1367 vocemus
1197 1340 1309 1367 usum
1339 1329 1546 1368 locutionis
1576 1328 1755 1376 ,altitudo

190 1387 310 1426 animi
344 1388 406 1426 vel
439 1387 596 1435 ingenii'
626 1388 730 1436 apud
759 1387 850 1426 Sall.
879 1387 937 1434 Ig.
968 1388 1034 1434 95,
1064 1387 1088 1426 3
1121 1391 1160 1424 et
1190 1387 1313 1426 Tacit.
1343 1387 1432 1426 hist.
1462 1387 1529 1434 IV,
1560 1387 1626 1426 36.
1667 1397 1755 1425 ann.

191 1444 267 1491 III,
304 1445 369 1483 44.
429 1444 565 1483 Cicero
603 1445 739 1484 eodem
769 1455 884 1483 sensu
915 1444 1025 1493 ponit
1056 1445 1217 1482 verbum
1248 1456 1429 1491 graecum
1464 1441 1669 1500 βαθύτης
1704 1445 1756 1482 ad

189 1502 270 1540 Att.
301 1503 340 1549 4,
371 1503 408 1549 6,
440 1503 476 1541 3.
525 1503 562 1550 5,
595 1504 659 1549 10,
689 1503 727 1541 3.
780 1502 913 1549 Neque
942 1502 1010 1541 ubi
1039 1505 1204 1550 usurpat
1233 1502 1411 1541 ‘altitudo
1442 1502 1573 1540 animi'
1601 1502 1663 1552 (de
1694 1500 1755 1540 off.

189 1559 221 1598 Ι.
245 1560 300 1598 88
331 1560 499 1599 altitudo
528 1560 665 1606 animi,
703 1571 818 1607 quae
849 1558 1054 1611 dicitur),
1097 1571 1180 1598 eam
1211 1560 1446 1599 locutionem
1476 1572 1554 1598 non
1585 1562 1757 1598 excusat.

791 1694 837 1737 C.
883 1694 948 1737 De
978 1695 1151 1739 verbis,

304 1789 362 1827 Ac
391 1789 557 1837 primum
587 1789 682 1827 mihi
711 1789 866 1828 videtur
896 1800 981 1827 esse
1010 1790 1050 1828 id
1079 1789 1343 1836 memorabile,
1373 1789 1477 1836 quod
1500 1800 1595 1827 usus
1619 1789 1757 1828 verbo-

190 1858 276 1885 rum
313 1848 451 1894 ‘agere'
493 1850 532 1885 et
566 1847 740 1894 ‘agitare’
781 1847 984 1886 absolutus
1020 1859 1091 1895 pro
1129 1848 1237 1886 ‘esse’
1273 1847 1445 1886 ‘versari'
1480 1848 1576 1885 ‘sese
1611 1847 1758 1893 gerere'

191 1904 343 1943 ‘vivere'
383 1915 573 1952 nusquam
614 1904 730 1942 latius
772 1907 881 1952 patet
922 1916 1037 1952 quam
1079 1905 1184 1953 apud
1225 1904 1450 1943 Sallustium
1492 1908 1531 1942 et
1566 1904 1756 1943 Tacitum.

189 1962 296 2009 Quae
324 1962 532 2001 verborum
563 1960 798 2009 significatio
830 1973 1061 2010 quamquam
1091 1962 1180 2001 aliis
1211 1973 1365 2010 quoque
1395 1962 1654 2011 scriptoribus
1679 1973 1756 1999 non

189 2019 410 2067 improbata
445 2023 520 2067 est,
561 2023 693 2060 tamen
729 2020 867 2059 crebro
903 2019 944 2058 in
980 2032 1052 2059 usu
1089 2020 1405 2068 locutionumque
1441 2020 1680 2066 singularum
1716 2019 1757 2057 in

186 2076 442 2116 similitudine
482 2077 671 2125 cernitur,
713 2081 858 2124 quanto
895 2088 1012 2126 opere
1049 2077 1225 2116 Sallustii
1259 2078 1428 2116 elocutio
1463 2077 1602 2115 Tacito
1638 2077 1757 2115 fuerit

185 2138 355 2182 accepta.
398 2134 647 2182 Coniungunt
670 2135 766 2173 haec
789 2136 910 2174 verba
933 2139 976 2180 a)
1001 2146 1086 2173 cum
1111 2136 1366 2175 adverbiis.
1414 2135 1504 2174 Sall.
1530 2134 1613 2173 Cat.
1640 2135 1705 2181 23,
1731 2135 1754 2172 3

186 2191 355 2230 ferocius
386 2192 548 2238 agitare.
607 2191 664 2240 Ig.
699 2194 771 2239 19,.
794 2194 818 2232 5
850 2193 1036 2232 Gaetulos
1066 2193 1209 2242 partim
1241 2193 1282 2230 in
1312 2192 1480 2240 tuguriis
1511 2192 1609 2230 alias
1635 2192 1755 2229 incul-

186 2248 265 2287 tius
295 2259 415 2296 vagos
445 2250 608 2296 agitare.
654 2248 712 2296 Ig.
743 2250 810 2297 89,
836 2253 858 2289 7
884 2250 1030 2298 Africa,
1056 2262 1155 2298 quae
1178 2251 1315 2299 procul
1339 2250 1439 2288 mari
1458 2250 1640 2289 incultius
1665 2260 1756 2295 age-

187 2306 268 2344 bat.
315 2306 405 2345 hist.
435 2305 508 2345 111.
534 2308 585 2347 61
611 2306 701 2358 (82),
727 2307 751 2345 3
782 2307 917 2346 tutius.
964 2308 1056 2347 Tac.
1086 2309 1176 2347 hist.
1200 2307 1231 2356 Ι,
1257 2309 1281 2347 9
1314 2307 1570 2347 innocentius.
1618 2306 1669 2352 II,
1704 2307 1754 2344 15

189 2363 404 2402 socordius.
445 2363 520 2411 ΠΙ,
546 2365 570 2403 2
596 2363 778 2404 ferocius.
827 2365 879 2404 35
906 2365 1099 2413 ambigue.
1148 2367 1199 2405 77
1226 2366 1393 2413 superbe
1418 2376 1618 2411 saeveque.
1667 2375 1755 2402 ann.

187 2419 255 2467 IV,
284 2421 352 2460 46.
403 2420 637 2469 Thraecum,
679 2421 745 2470 qui
786 2422 975 2462 montium
1011 2423 1128 2462 editis
1165 2423 1314 2461 incultu
1349 2427 1467 2470 atque
1504 2434 1549 2460 eo
1587 2421 1755 2459 ferocius

189 2477 403 2526 agitabant.

302 2534 347 2581 b)
377 2546 463 2574 cum
494 2536 657 2575 ablat.
706 2535 796 2574 Sall.
825 2537 914 2576 hist.
939 2537 970 2576 I.
996 2539 1018 2576 9
1043 2537 1125 2588 (10)
1161 2537 1398 2585 optumis
1434 2536 1676 2574 moribus
1707 2539 1757 2573 et

190 2603 399 2648 maxuma
423 2593 679 2632 concordia
704 2593 803 2642 egit
826 2596 992 2642 populus
1011 2594 1220 2634 Romanus.
1262 2594 1351 2632 hist.
1378 2593 1408 2631 I.
1430 2594 1482 2631 23
1501 2592 1582 2642 (27)
1612 2604 1754 2639 quan-

190 2650 253 2688 tis
283 2649 604 2690 familiaribus
635 2651 787 2699 copiis
818 2655 1026 2699 agerent.
1073 2653 1164 2691 Tac.
1194 2652 1283 2690 hist.
1308 2651 1339 2697 I,
1364 2651 1418 2688 48
1444 2650 1591 2688 variis
1618 2650 1756 2687 mori·

190 2707 276 2745 bus
314 2707 420 2754 egit.
473 2707 524 2755 H,
556 2709 620 2748 58.
673 2707 862 2747 Lucceius
898 2710 1063 2748 Albinus
1100 2710 1221 2748 haud
1258 2706 1535 2755 spernendis
1571 2706 1755 2746 viribus

191 2764 373 2810 agebat.
421 2776 507 2803 ann.
538 2765 590 2812 ΙΙ,
621 2767 674 2805 64
706 2766 870 2805 subdola
901 2767 1157 2805 concordia
1186 2777 1335 2814 agere.
1384 2764 1449 2811 VI,
1476 2766 1526 2802 27
1560 2763 1755 2811 corruptis

191 2821 416 2869 moribus,
451 2822 607 2862 inlustri
642 2827 771 2862 tamen
805 2823 967 2864 familia.
1014 2824 1114 2864 adde
1150 2824 1229 2862 hist
1258 2822 1311 2869 H,
1343 2824 1407 2861 77.
1449 2820 1523 2867 III,
1553 2821 1619 2860 49.
1665 2833 1754 2859 ann.

190 2878 243 2925 II,
275 2880 339 2918 55.
386 2877 453 2925 IV,
482 2880 520 2918 4.
568 2879 633 2926 VI,
658 2881 722 2920 32.
769 2879 859 2928 XII,
889 2881 954 2921 54.
