1950 3198
878 194 1126 234 -4‹-

220 311 284 346 tur
326 309 525 347 induxisse
566 310 625 347 vel
668 321 762 356 quas
804 313 961 356 praeter
1003 311 1152 346 ceteros
1195 309 1406 356 adamavit,
1442 309 1601 347 Tacitus
1632 306 1783 357 'quoque

219 369 372 404 amator
408 366 498 413 fuit,
536 367 591 404 ita
622 367 654 405 si
686 379 783 414 quae
814 366 1073 414 proprietates
1103 366 1207 413 apud
1238 366 1413 404 Tacitum
1445 367 1784 414 deprehenduntur

219 423 491 470 antiquitatem
527 425 764 471 redolentes,
806 435 916 462 usum
953 434 1085 461 earum
1121 435 1236 470 saepe
1272 424 1322 461 ad
1360 424 1534 461 Sallustii
1570 424 1782 471 exemplum

219 480 465 519 referendum
501 493 586 519 esse
623 493 707 519 cum
738 481 807 519 alii
843 483 1077 519 censuerunt
1105 483 1186 518 tum
1216 479 1494 519 Woelfflinius:
1527 493 1596 519 nec
1625 480 1783 527 iniuria;

220 549 307 575 nam
351 550 397 575 ex
438 539 729 586 comparatione
770 538 973 585 utriusque
1015 538 1202 576 sermonis
1239 539 1462 586 apparebit,
1505 538 1681 576 Tacitum
1719 539 1784 585 qui

221 596 390 633 omnium
422 607 610 634 consensu
641 596 807 634 rationis
838 595 992 634 dicendi
1016 595 1167 642 priscae
1193 595 1348 634 omnino
1374 608 1451 633 non
1476 595 1551 633 fuit
1576 595 1785 642 studiosus,

221 652 346 690 sicubi
387 653 508 700 prisci
551 654 691 692 coloris
733 654 892 691 verbum
934 653 993 691 vel
1030 655 1263 690 structuram
1300 654 1519 701 usurpavit,
1561 654 1786 700 plerumque

220 710 394 747 Sallustii
432 710 608 758 vestigiis
638 711 854 749 insecutum
885 722 980 749 esse.
1010 732 1065 737 —-
1095 710 1256 749 Accedit
1287 712 1390 757 quod
1420 711 1459 749 in
1491 710 1669 749 oratione
1699 710 1785 748 Sal-

218 767 338 814 lustii,
370 767 512 815 quippe
543 768 608 815 qui
638 767 757 806 fuerit
787 779 928 806 aureae
958 767 1097 805 aetatis
1128 767 1168 805 in
1192 766 1306 815 flexu,
1338 768 1451 806 initia
1476 771 1685 806 cernuntur
1710 767 1785 806 iam

219 825 429 863 multarum
460 825 755 873 proprietatum,
788 837 886 873 quae
917 826 1021 872 apud
1050 828 1258 871 argenteae
1288 826 1429 864 aetatis
1460 826 1671 872 scriptores
1703 837 1787 863 sae-

220 882 308 928 pius
346 883 459 920 nobis
498 882 637 921 obviae
667 887 773 930 sunt,
810 883 849 920 in
882 894 977 930 quas
1008 882 1206 929 inquirere
1235 894 1259 920 a
1289 883 1516 930 quaestione
1545 887 1680 921 nostra
1711 894 1787 921 non

220 939 374 978 videtur
406 951 491 978 esse
521 940 702 979 alienum.
752 940 846 979 Rem
879 940 1004 988 ipsam
1035 950 1292 987 aggressurus
1323 941 1489 988 primum
1520 940 1645 978 dicam

471 1086 521 1140 Ι.
570 1085 666 1140 De
701 1085 1114 1142 formatione
1153 1086 1540 1142 verborum.

739 1199 793 1242 A.
841 1199 904 1243 De
934 1201 1263 1245 substantivis

340 1299 381 1340 a)
411 1293 470 1334 De
501 1293 776 1334 substantivis
805 1294 1129 1335 terminantibus
1158 1295 1204 1334 in
1229 1294 1375 1343 -tudo.
1406 1317 1458 1322 —-
1492 1296 1674 1334 Veterum
1705 1296 1791 1334 Sal-

220 1352 423 1399 lustiique,
462 1352 667 1390 sectatoris
699 1363 849 1399 eorum,
887 1362 1009 1398 genus
1047 1353 1201 1392 dicendi
1237 1357 1391 1392 secutus
1421 1353 1580 1391 Tacitus
1611 1353 1791 1391 substan-

220 1410 302 1448 tiva
332 1410 482 1457 aliquot
512 1410 551 1447 in
583 1410 697 1448 -tudo
730 1409 922 1456 exeuntia,
955 1420 1053 1457 quae
1087 1411 1420 1449 substantivorum
1445 1409 1628 1448 formatio
1653 1411 1744 1449 inde
1767 1423 1792 1449 a

222 1467 420 1505 Ciceronis
452 1469 582 1506 aetate
612 1467 736 1514 magis
767 1466 969 1514 magisque
994 1471 1166 1506 cesserat
1189 1467 1415 1506 formationi
1440 1467 1479 1505 in
1503 1472 1599 1515 —tas‚
1629 1479 1789 1507 revoca-

221 1525 288 1572 vit,
319 1536 405 1562 cum
435 1536 507 1572 pro
538 1525 657 1563 verbo
690 1524 843 1571 vulgari
874 1525 1056 1563 ‘claritas'
1086 1526 1246 1564 verbum
1271 1525 1489 1564 ‘claritudo'
1512 1529 1552 1564 et
1575 1537 1647 1573 pro
1673 1526 1791 1564 verbo

221 1582 457 1620 ‘necessitas'
481 1582 642 1620 verbum
668 1581 938 1629 ,necessitudo’
962 1586 1182 1630 usurparet.
1229 1582 1444 1630 Utriusque
1462 1583 1572 1622 verbi
1596 1594 1689 1621 usus
1714 1595 1791 1621 non

220 1641 300 1677 late
329 1643 454 1687 patet:

335 1695 372 1746 a)
401 1696 641 1735 claritudo
668 1699 796 1735 exstat
821 1708 881 1744 ap.
908 1697 991 1735 Cat.
1017 1697 1112 1744 orig.
1138 1697 1185 1736 fr.
1211 1698 1276 1736 63.
1301 1698 1354 1737 83
1380 1696 1790 1748 P.(11.fr.33.1111.

221 1754 268 1791 fr.
295 1757 317 1793 7
344 1754 478 1809 Jord..)
534 1753 682 1792 Sisenn.
713 1753 803 1792 hist.
834 1753 881 1792 fr
906 1755 959 1792 49
985 1754 1027 1792 Ρ.
1054 1777 1106 1781 -
1134 1755 1223 1793 Sall.
1253 1755 1309 1802 Ig.
1337 1757 1372 1802 2,
1397 1756 1434 1795 4.
1473 1758 1508 1803 7,
1533 1756 1571 1793 4.
1619 1755 1714 1793 Vell.
1739 1754 1791 1801 II,

223 1813 378 1850 11.17.
414 1812 505 1850 130.
553 1807 763 1858 Tac.h.I,
789 1811 855 1849 85.
885 1810 938 1858 Π,
965 1812 1030 1850 78.
1066 1813 1119 1851 83
1146 1816 1184 1850 et
1208 1812 1340 1851 tricies
1365 1812 1405 1851 in
1430 1813 1649 1892 annalibus.
1692 1813 1789 1851 Gell.

224 1871 259 1915 7,
285 1870 321 1916 5,
350 1870 370 1906 1
404 1868 532 1917 (sensu
563 1867 753 1919 propri0);

335 1925 374 1975 b)
404 1926 710 1965 necessitudo
741 1937 812 1974 pro
844 1926 1054 1965 necessitas
1085 1930 1298 1974 usurpatur
1327 1939 1352 1965 a
1381 1886 1526 1975 Sempr.
1552 1928 1671 1965 Asell.
1701 1927 1791 1966 hist..

221 1983 267 2021 fr.
293 1984 317 2021 5
343 1983 383 2021 P.
410 1983 487 2021 nisi
512 1994 661 2021 summa
685 1982 932 2022 necessitudo
957 1987 1026 2021 aut
1045 1995 1193 2022 summa
1213 1985 1367 2022 occasio
1389 1986 1482 2050 data
1499 1988 1612 2023 esset.
1644 1984 1792 2023 Sisenn.

221 2040 311 2078 hist.
347 2039 394 2078 fr.
432 2041 485 2079 68
515 2040 556 2078 P.
595 2040 828 2078 calamitatis
871 2041 1156 2079 necessitudine
1191 2041 1402 2080 inductum.
1434 2065 1486 2070 —
1519 2042 1597 2080 Cic.
1634 2043 1681 2080 de
1716 2042 1791 2080 inv.

220 2097 272 2144 II,
306 2099 370 2136 61.
403 2098 468 2136 98.
502 2099 566 2136 99.
596 2099 688 2136 170.
723 2099 801 2136 171
830 2109 911 2145 sqq.
960 2098 1048 2136 Sall.
1077 2098 1159 2136 Cat.
1187 2100 1250 2145 17,
1278 2101 1301 2137 2
1327 2099 1367 2137 111
1397 2111 1515 2137 unum
1546 2099 1669 2138 omnis
1700 2110 1790 2138 con-

221 2159 354 2202 vocat,
398 2155 538 2202 quibus
580 2166 761 2193 maxuma
802 2155 1049 2194 necessitudo
1092 2159 1130 2194 et
1172 2157 1391 2203 plurumum
1433 2157 1619 2195 audaciae
1654 2157 1791 2195 inerat.

224 2212 306 2250 Cat.
340 2213 403 2259 17,
429 2213 466 2250 5.
499 2213 563 2259 21,
590 2213 627 2251 3.
659 2213 725 2259 33,
750 2213 787 2251 5.
824 2213 890 2260 58,
918 2214 980 2251 11.
1009 2214 1072 2251 19.
1109 2212 1165 2260 Ig.
1194 2215 1256 2261 19,
1282 2215 1319 2252 8.
1350 2215 1415 2260 48,
1443 2216 1478 2252 1.
1511 2215 1603 2261 102,
1628 2216 1665 2253 5.
1696 2214 1791 2252 Vell.

221 2268 274 2316 ΙΙ,
307 2270 374 2308 50.
427 2269 518 2307 Tac.
549 2281 638 2308 ann.
670 2270 698 2317 I,
732 2271 768 2308 9.
806 2269 875 2317 III,
906 2271 962 2309 40
998 2269 1239 2309 ferocissimo
1284 2282 1436 2318 quoque
1476 2272 1682 2319 adsumpto
1725 2275 1794 2309 aut

223 2326 363 2373 quibus
388 2327 557 2365 maxima
581 2327 769 2374 peccandi
794 2327 1053 2366 necessitudo.
1090 2328 1162 2375 ΙΠ,
1189 2329 1253 2368 64.
1283 2328 1348 2375 IV,
1375 2330 1438 2368 20.
1469 2328 1558 2375 XII,
1585 2329 1650 2367 30.
1691 2329 1792 2367 Dial.

223 2395 253 2422 c.
281 2385 335 2422 10
365 2384 650 2423 necessitudine
682 2383 811 2423 officii.

336 2440 598 2480 Woelfflinius
630 2453 714 2480 cum
746 2453 810 2480 eas
843 2442 1174 2481 substantivorum
1205 2442 1459 2481 formationes
1485 2443 1611 2481 Taciti
1641 2447 1791 2491 tempo-

224 2499 332 2537 ribus
366 2498 581 2546 singulares
619 2498 740 2538 fuisse
770 2500 1038 2546 contenderet,
1074 2500 1295 2539 universum
1327 2501 1374 2539 de
1403 2500 1452 2538 iis
1481 2499 1574 2539 fecit
1605 2501 1791 2540 iudicium

224 2554 354 2606 hoc¹):
408 2555 579 2603 „Fassen
615 2557 684 2594 wir
721 2568 752 2594 z.
782 2556 827 2594 B.
865 2557 928 2595 (116
959 2557 1212 2596 Substantiva
1247 2556 1317 2595 auf
1350 2560 1428 2595 -tas
1466 2559 1545 2596 und
1582 2560 1695 2598 -tudo
1732 2560 1792 2597 ins

222 2613 344 2661 Auge,
375 2625 418 2652 so
450 2613 501 2651 ist
532 2613 594 2652 (lie
625 2614 784 2652 letztere
813 2613 932 2652 Form
964 2614 1025 2652 (116
1055 2615 1336 2662 vorzugsweise
1359 2614 1624 2654 Plautinische
1652 2616 1694 2654 in
1724 2617 1792 2654 der

224 2669 590 2709 Ciceronianischen
639 2671 832 2710 Latinitat
881 2670 943 2708 fiir
991 2671 1090 2710 viele
1137 2672 1274 2711 Worte
1320 2672 1464 2711 bereits
1512 2673 1790 2720 abgedankte.“

225 2727 299 2766 Sed
342 2739 427 2766 cum
464 2728 696 2767 sententiam
728 2740 852 2775 suam,
893 2740 1007 2775 quam
1039 2729 1321 2768 dubitationem
1352 2741 1429 2768 non
1459 2731 1679 2769 habituram
1710 2742 1794 2769 esse

224 2783 392 2824 fortasse
422 2786 647 2833 speraverit,
684 2786 912 2825 collectione
943 2787 1149 2824 verborum
1180 2798 1256 2826 non
1285 2785 1470 2834 firmaret,
1499 2787 1690 2835 Wolffius,
1728 2788 1793 2835 qui

342 2898 367 2939 ¹)
393 2898 506 2931 Philol.
533 2898 586 2932 25.
613 2910 643 2940 p.
670 2898 723 2932 99.
