1950 3198
840 244 1122 287 -37-

195 365 437 414 improvidus
462 363 627 403 consilii.
658 362 748 401 hist.
771 359 824 407 II,
849 361 903 399 46
929 363 1057 400 certus
1083 359 1249 399 consilii.
1281 357 1347 406 IV,
1374 359 1398 397 3
1425 357 1519 407 spei.
1544 369 1634 397 ann.
1659 356 1691 405 Ι,
1717 358 1768 397 27

195 423 317 462 exitii.
365 434 452 461 ann.
482 421 573 468 XII,
605 421 628 460 3
659 417 910 458 matrimonii.
945 416 1037 464 XII,
1069 418 1122 456 32
1155 416 1442 457 destinationis.
1482 415 1574 463 XII,
1606 416 1660 455 66
1692 426 1772 454 sce-

193 481 298 519 leris.
340 479 446 526 XIV,
476 479 529 518 36
561 481 732 516 eventus.
774 475 865 514 hist.
894 474 962 522 IV,
990 475 1042 513 14
1073 473 1326 513 desciscendi.
1367 485 1456 512 ann.
1481 472 1549 520 IV,
1575 473 1629 512 34
1654 473 1772 511 relin-

195 538 371 586 quendae
401 536 516 575 vitae.
558 546 646 574 ann.
676 533 727 580 11,
759 534 809 572 75
842 532 992 571 incerta
1022 532 1197 571 ultionis.

310 594 354 640 b)
383 594 620 632 Insolentem
662 602 774 630 usum
817 589 988 637 genetivi
1031 601 1147 628 sensu
1185 588 1404 629 subiectivo
1443 599 1531 627 eum
1568 587 1772 627 adiectivis

195 651 393 691 coniuncti
422 651 500 690 iam
531 660 651 698 supra
681 648 763 688 dixi
793 658 884 685 raro
915 647 1030 685 nobis
1062 647 1219 686 obvium
1250 659 1336 687 esse
1366 647 1473 694 apud
1502 650 1670 693 veteres,
1708 645 1775 692 qui

194 713 326 748 tamen
355 708 553 747 interdum
583 705 802 755 genetivum
833 704 976 742 ‘animi’
1006 705 1080 743 hoc
1111 716 1227 743 sensu
1252 705 1403 743 addunt
1427 703 1631 742 adieetivis
1657 702 1774 741 affec-

193 770 320 804 tuum:
361 766 487 804 Plaut.
518 764 602 804 cist.
631 763 690 811 II,
723 763 764 810 1,
795 763 820 801 8
852 763 978 800 lassus
1010 762 1141 801 animi.
1184 761 1257 809 IV,
1289 763 1325 808 2,
1357 762 1381 800 3
1421 760 1543 800 animi
1580 760 1774 800 miseram.

194 823 284 862 Ter.
320 823 411 863 Hec.
445 823 523 861 121
562 821 682 860 animi
717 820 901 858 incertus.
960 819 1060 858 Eun.
1092 831 1127 858 v.
1159 819 1242 858 274
1278 822 1323 857 ut
1357 818 1482 857 falsus
1519 818 1688 857 animist.
1720 840 1774 846 -

195 880 348 919 ‘Animi'
378 879 589 928 praecipue
619 889 643 916 a
671 877 870 916 veteribus
902 876 995 916 addi
1019 880 1155 915 notum
1181 880 1242 915 est
1266 876 1384 915 etiam
1410 876 1540 915 verbis
1565 874 1775 916 affectuum

196 937 415 976 excruciari
451 935 683 976 discruciari
714 935 884 983 pendere
914 934 1006 981 angi
1037 945 1078 973 se
1108 945 1253 981 angere
1283 934 1512 972 horrescere
1541 933 1696 985 (Pacuv.
1727 937 1773 972 tr.

194 1007 230 1034 v.
256 996 350 1044 294)
379 995 430 1033 ad
460 993 756 1041 significandam
786 991 949 1030 affectus
981 992 1122 1031 sedem.
1170 992 1205 1030 A
1235 991 1367 1030 verbis
1397 991 1595 1030 reflexivis
1622 991 1655 1030 is
1680 1003 1774 1029 usus

193 1053 406 1090 translatus
431 1055 492 1090 est
515 1051 633 1090 etiam
657 1051 709 1089 ad
733 1050 862 1088 activa
887 1049 1114 1087 excruciare
1138 1052 1178 1087 et
1202 1049 1492 1100 discruciare1).
1537 1048 1613 1087 Sed
1633 1049 1777 1087 ‘animi’

194 1109 414 1156 genetivum
451 1120 535 1148 esse
570 1119 689 1156 posse
724 1118 811 1146 cum
847 1107 916 1145 alii
946 1109 1187 1154 negaverunt
1216 1110 1299 1145 tum
1329 1106 1511 1145 Kiihnast
1540 1106 1638 1157 (Liv.
1669 1106 1776 1155 Synt.

194 1178 231 1214 p.
262 1167 341 1206 391
374 1166 535 1206 Nachtr.
565 1178 597 1204 z.
628 1166 664 1204 S.
697 1167 779 1215 77),
818 1164 981 1203 Ktihner
1010 1164 1046 1214 (l.
1072 1164 1125 1215 1.),
1162 1163 1212 1203 Η.
1242 1164 1359 1202 Peter
1389 1163 1542 1213 (Haase,
1572 1163 1776 1211 Vorlesgn.

194 1224 292 1263 tiber
315 1224 383 1263 lat.
408 1223 602 1272 Sprachw.
625 1222 679 1262 II.
704 1234 740 1270 p.
767 1223 819 1261 65
846 1221 1081 1272 Anmerkg.)‚
1106 1221 1265 1260 Ebrard
1287 1222 1324 1270 (l.
1350 1220 1397 1270 1.),
1423 1233 1509 1260 cum
1535 1233 1621 1259 eam
1647 1221 1775 1268 ipsam

196 1281 245 1320 ob
282 1293 380 1328 rem,
424 1281 529 1328 quod
565 1280 683 1319 etiam
718 1279 848 1318 verbis
885 1279 1183 1327 adiungeretur,
1227 1282 1267 1317 et
1302 1282 1466 1327 propter
1502 1279 1585 1317 eius
1622 1289 1778 1317 sensum

194 1339 356 1377 localem
397 1338 541 1377 ‘animi'
576 1337 797 1385 acciperent
833 1347 905 1384 pro
942 1337 1124 1375 locativo.
1189 1336 1387 1375 Accedere
1423 1336 1528 1384 quod
1564 1340 1607 1374 ut
1646 1335 1778 1382 animi,

195 1396 253 1434 ita
282 1407 359 1434 non
391 1396 609 1434 animorum
640 1394 844 1433 adiectivis
874 1395 1097 1441 adderetur,
1128 1394 1197 1433 sed
1227 1397 1380 1432 tantum
1412 1394 1564 1432 animis.
1627 1394 1777 1441 Quibus

195 1453 291 1491 mihi
326 1465 405 1492 non
444 1454 596 1492 videtur
633 1452 924 1490 assentiendum
962 1463 1056 1503 esse.
1116 1451 1173 1489 Ac
1211 1452 1379 1499 primum
1410 1452 1487 1499 ipsi
1519 1449 1781 1501 concedunt2)

196 1510 274 1548 iam
304 1514 456 1548 mature
486 1509 639 1548 Latinis
671 1510 718 1548 de
747 1509 934 1547 memoria
964 1509 1138 1556 elapsum
1164 1520 1249 1547 esse
1273 1508 1418 1546 ‘animi’
1442 1520 1529 1547 esse
1554 1509 1776 1547 locativum.

200 1568 281 1606 Iam
313 1569 415 1606 enim
445 1567 550 1615 apud
580 1567 705 1605 Plaut.
736 1567 826 1604 trin.
857 1578 891 1604 v.
917 1567 1000 1604 454
1026 1569 1155 1604 ‘sanus
1180 1566 1320 1604 mentis
1346 1577 1395 1604 an
1421 1566 1541 1604 animi
1567 1566 1638 1604 tui’
1662 1577 1779 1613 gene-

197 1625 301 1663 tivus
332 1625 497 1664 ‘mentis'
527 1635 612 1662 cum
637 1623 806 1662 locativo
831 1624 911 1670 illo,
942 1624 1008 1670 qui
1032 1624 1198 1670 videtur,
1225 1623 1483 1671 componitur.
1531 1623 1667 1671 Neque
1692 1635 1780 1661 sen-

200 1694 283 1720 sum
320 1683 480 1720 localem
517 1682 557 1720 in
594 1681 875 1727 locutionibus,
919 1691 1015 1728 quas
1055 1681 1187 1728 attuli,
1229 1681 1349 1720 verbo
1385 1681 1528 1719 ‘animi’
1565 1682 1692 1720 inesse
1730 1681 1779 1720 iis

197 1740 334 1787 cred0;
363 1740 478 1787 plane
509 1739 588 1777 alia
612 1738 764 1777 ratione
789 1737 932 1776 ‘animi'
957 1741 996 1776 et
1019 1738 1224 1776 adiectivis
1250 1742 1288 1777 et
1313 1738 1443 1777 verbis
1470 1739 1646 1777 additum
1671 1738 1780 1777 vide-

198 1800 264 1835 tur
306 1795 565 1836 definiendum
614 1807 710 1835 esse.
770 1795 933 1834 Latinos
982 1795 1083 1834 enim
1127 1795 1383 1834 substantivis
1432 1795 1640 1834 affectuum
1684 1796 1780 1834 satis

199 1860 333 1892 notum
371 1858 430 1893 est
467 1853 714 1893 consuevisse
750 1853 958 1891 adnectere
994 1854 1149 1900 ‘animi’,
1185 1854 1254 1892 ubi
1285 1853 1442 1901 linguae
1473 1857 1632 1892 nostrae
1663 1854 1779 1891 satis-

199 1911 295 1949 facit
326 1911 611 1950 substantivum
641 1911 880 1956 absolutum
911 1914 955 1948 ut
986 1922 1057 1948 nos
1083 1911 1247 1949 dicimus
1272 1911 1366 1958 „der
1391 1911 1524 1958 TrotZ,
1555 1911 1618 1950 die
1643 1911 1781 1958 Angst,

204 1969 267 2007 die
291 1967 665 2016 Ungluckseligkeit,
697 1968 760 2006 die
785 1968 957 2006 Trauer“
984 1972 1022 2006 et
1047 1968 1136 2015 alia,
1167 1969 1225 2006 ita
1249 1968 1383 2007 Latini
1405 1967 1554 2007 ferocia
1579 1968 1699 2007 animi
1726 1990 1778 1995 —

199 2036 323 2072 angor
357 2026 475 2065 timor
511 2026 633 2064 animi
669 2047 721 2053 —
760 2025 918 2063 miseria
955 2025 1075 2064 animi
1107 2047 1158 2053 —
1192 2037 1347 2064 maeror
1383 2026 1515 2064 animi.
1575 2026 1651 2073 Qui
1688 2037 1780 2064 usus

200 2094 285 2120 cum
315 2084 503 2122 latissime
534 2086 698 2131 pateret,
728 2082 947 2130 genetivum
973 2083 1128 2130 ‘animi’‚
1161 2083 1227 2130 qui
1254 2083 1366 2130 quasi
1391 2083 1595 2122 abundans
1621 2083 1781 2122 addita-

201 2144 371 2179 mentum
402 2152 487 2179 cum
518 2140 774 2180 substantivis
805 2139 990 2187 coniungi
1022 2141 1183 2187 solebat,
1215 2141 1332 2179 etiam
1358 2141 1408 2178 ad
1433 2141 1628 2180 adiectiva
1651 2143 1781 2178 trans-

199 2198 319 2236 latum
351 2209 435 2238 esse
464 2202 572 2246 puto.
625 2198 686 2236 Ab
718 2197 778 2236 his
804 2198 957 2236 demum
981 2196 1138 2236 videtur
1162 2198 1368 2236 transiisse
1398 2197 1450 2236 ad
1479 2197 1651 2249 verbass),
1682 2209 1781 2245 quae

203 2255 410 2294 translatio
430 2267 508 2294 non
527 2255 716 2294 audacior
736 2259 806 2298 est.
828 2266 943 2303 quam
963 2254 997 2294 si
1011 2254 1171 2294 Tacitus
1191 2255 1286 2294 dicit
1299 2255 1431 2305 ‘pudet
1446 2255 1565 2294 dictu'
1577 2256 1683 2306 (Agr.
1701 2256 1779 2307 32).

295 2402 320 2443 ¹)
343 2402 503 2445 Exempla
535 2408 683 2435 veterum
715 2402 849 2444 collegit
880 2403 917 2437 G.
944 2403 1081 2436 Ebrard.
1130 2403 1177 2434 De
1202 2403 1335 2437 ablativi
1363 2403 1494 2436 locativi
1520 2403 1781 2436 instrumentalis

204 2446 291 2488 apud
317 2448 443 2489 priscos
468 2449 646 2490 scriptores
672 2448 792 2481 latinos
816 2458 891 2480 usu.
939 2448 982 2481 X.
1009 2449 1171 2491 Supplbd.
1198 2450 1257 2481 (lei-
1281 2448 1417 2482 ι1111111111.
1443 2459 1475 2491 p.
1500 2449 1578 2483 601.

298 2493 325 2534 ²)
349 2493 407 2526 cfr.
434 2494 471 2526 H.
494 2495 598 2528 Peter.
626 2495 646 2526 l.
666 2495 686 2526 l.
734 2495 823 2536 „Das
844 2494 1080 2538 Bewusstseiu,
1106 2496 1186 2527 (lass
1212 2495 1312 2526 animi
1333 2495 1513 2536 eigentliclt
1535 2496 1607 2527 eine
1628 2494 1782 2527 Lokativ-

204 2537 288 2569 form
314 2539 367 2579 ist,
392 2549 460 2571 war
483 2539 645 2572 nutui-lidi
672 2540 735 2572 deu
762 2540 903 2572 Riimcrn
928 2540 1005 2572 sehr
1031 2540 1211 2582 friilizeitig
1235 2540 1410 2573 abliuuden
1435 2539 1670 2583 gekomme11“.

296 2584 323 2625 ³)
346 2585 487 2617 Heinsius
510 2585 563 2627 (11.
588 2596 620 2627 p.
645 2585 703 2627 23)
727 2591 758 2618 et
782 2587 972 2627 Draegerus
998 2596 1060 2618 uon
1087 2593 1177 2618 recte
1202 2587 1267 2618 liuc
1292 2587 1438 2619 referunt
1466 2588 1570 2619 Plaut.
1597 2587 1693 2629 Epid.
1717 2587 1782 2620 138

205 2629 409 2671 ‹lesipiebnm
440 2631 575 2672 mentis,
607 2642 684 2664 cum
713 2631 768 2663 illa
798 2632 921 2673 scripta
952 2633 1123 2665 mittebam
1149 2633 1219 2675 tibi,
1245 2651 1288 2656 —
1314 2642 1413 2674 quem
1444 2633 1589 2674 genetivi
1615 2643 1714 2665 usum
1739 2633 1782 2665 ad

205 2675 403 2708 Graecorum
424 2686 549 2708 morem
568 2677 699 2710 dicendi
721 2679 865 2710 revocari
887 2678 1008 2710 malim.
1048 2679 1227 2711 (ieuetivus
1248 2678 1310 2710 hoc
1331 2679 1402 2710 loco
1423 2679 1663 2711 seiunctionem
1677 2679 1782 2719 sigui-

205 2720 298 2763 ticat3
333 2721 501 2754 adhibitus
531 2723 632 2764 igitur
662 2730 712 2755 est
744 2734 801 2764 pro
832 2724 975 2756 ablativo
1004 2724 1071 2766 (ich
1102 2725 1180 2756 irrte
1211 2725 1251 2756 nl)
1284 2735 1359 2756 vom
1391 2724 1605 2768 Vei-staude)3
1636 2734 1782 2766 sapere

206 2767 325 2798 incutis
358 2768 492 2799 Plautus
523 2769 579 2800 vix
605 2769 756 2802 dixisset.
806 2769 964 2801 Eiusdem
996 2771 1128 2810 generis
1153 2771 1346 2811 genetivum
1373 2770 1535 2802 habemus
1561 2770 1651 2812 apud
1678 2771 1782 2803 Plaut.

202 2812 306 2864 .El'¹‘¹·.
329 2812 396 2845 238
425 2823 486 2845 nec
516 2815 716 2846 exautlibanl
748 2824 807 2845 uec
839 2816 1001 2847 sermonis
1035 2815 1172 2860 fallebar
1197 2823 1323 2859 tamen,
1351 2827 1435 2857 quae
1460 2817 1674 2857 loquerentur
1695 2813 1782 2859 (οὐκ

206 2852 379 2900 ἐσφαλην
402 2858 482 2892 τῶν
501 2856 650 2902 λόγων).
694 2860 808 2900 Neque
833 2861 927 2892 aliter
953 2868 1112 2903 usurpant
1132 2862 1302 2902 Vergilius
1324 2864 1405 2896 Aen.
1434 2862 1486 2904 10,
1510 2861 1577 2894 441
1604 2862 1782 2894 desistere

205 2914 348 2944 pugnae.
398 2905 553 2936 Horatius
579 2915 677 2937 curm.
703 2905 735 2947 2,
759 2906 791 2941 9,
820 2906 860 2939 17
885 2907 1011 2938 desine
1036 2908 1184 2940 mollium
1210 2909 1441 2949 quereum-um.
1485 2907 1517 2949 2,
1544 2907 1597 2950 13,
1623 2907 1668 2941 38
1692 2909 1783 2941 labo-

205 2960 277 2985 ruiu
305 2951 489 2992 decipitur.
539 2951 596 2984 Sil.
625 2951 677 2993 lo,
702 2951 747 2983 84
772 2952 886 2983 consul
913 2962 977 2984 uon
1002 2953 1139 2985 desinit
1165 2955 1244 2988 irae.
