1950 3198
806 185 1087 228 ,ζῆ-μ

280 304 370 344 Sall.
401 303 485 342 Cat.
516 302 582 348 20,
615 303 636 339 1
670 300 840 340 Catilina
869 301 938 339 ubi
967 313 1033 340 eos
1063 324 1119 330 —-
1150 302 1376 341 convenisse
1415 301 1541 347 videt,
1582 298 1740 337 tametsi

172 374 258 400 cum
301 360 464 409 singulis
505 360 626 398 multa
666 361 817 405 egerat,
857 362 987 397 tamen
1027 359 1068 397 in
1103 370 1185 398 rem
1221 358 1307 398 fore
1342 359 1504 398 credens
1534 356 1740 395 univorsos

168 420 378 467 appellare,
410 439 468 447 —-
498 416 713 456 orationem
737 415 899 454 huiusce
923 417 1029 455 modi
1053 417 1201 456 habuit.
1249 416 1340 455 Tac.
1372 416 1460 458 hist,
1484 415 1517 462 I,
1543 415 1595 453 36
1626 414 1740 452 Post-

171 488 285 524 quam
326 477 508 515 universa
543 473 794 512 classicorum
834 474 936 521 legio
973 477 1257 513 sacramentum
1293 475 1375 513 eius
1411 473 1578 520 accepit,
1618 471 1742 510 fidens

168 535 318 573 viribus
349 538 388 572 et
418 544 514 581 quos
544 531 672 570 adhuc
701 531 876 578 singulos
907 532 1239 581 exstimulaverat,
1269 531 1537 571 accendendos
1567 530 1608 567 in
1639 540 1741 568 com-

169 603 282 630 mune
311 595 420 630 ratus
451 601 524 638 pro
554 589 657 628 vallo
688 591 906 627 castrorum
937 590 994 628 ita
1023 589 1165 638 coepit.

655 722 708 765 Β.
752 722 820 766 De
850 723 1246 778 digressionibus.

283 820 345 858 Ex
375 818 684 866 digressionibus
716 817 925 866 historicis,
957 829 1052 866 quas
1086 818 1292 857 Sallustius
1323 817 1481 865 scriptis
1511 817 1592 855 suis
1623 816 1743 853 inter-

171 877 320 926 posuit,
361 877 543 916 videntur
579 875 745 914 maxime
782 887 868 914 esse
904 876 1176 915 memorabiles
1213 887 1298 923 eae,
1329 876 1370 913 in
1402 875 1542 922 quibus
1573 873 1744 912 civitatis

172 947 299 974 mores
329 935 419 973 inde
449 946 473 972 a
502 933 719 982 primordio
750 934 858 972 urbis
890 934 1050 981 repetit;
1079 934 1271 972 eiusmodi
1301 932 1403 971 enim
1433 932 1677 979 egressiones
1708 933 1747 969 et

171 993 211 1031 in
242 992 412 1030 Catilina
453 995 491 1030 et
533 991 574 1029 in
608 990 801 1038 Iugurtha
836 994 876 1029 et
911 991 952 1030 in
989 991 1167 1030 historiis
1180 989 1209 1041 1)
1245 990 1461 1039 reperimus
1498 990 1555 1027 ita
1591 988 1746 1036 quidem

170 1049 423 1098 compositas,
464 1052 509 1086 ut
544 1051 582 1087 et
613 1049 894 1087 sententiarum
931 1049 972 1087 in
1011 1050 1147 1088 ordine
1178 1051 1217 1087 et
1247 1059 1362 1096 saepe
1404 1048 1455 1086 ad
1484 1047 1605 1086 verba
1644 1046 1746 1084 inter

172 1118 256 1146 sese
280 1107 535 1153 consentiant,
561 1106 701 1154 quibus
726 1105 766 1144 in
791 1106 1081 1153 egressionibus
1108 1107 1315 1145 Sallustius
1341 1105 1513 1144 civitatis
1538 1104 1747 1151 imaginem

170 1168 284 1203 acute
319 1163 591 1211 subtiliterque
629 1164 832 1211 expressit.
891 1163 1026 1212 Neque
1056 1164 1193 1203 Tacito
1232 1175 1301 1202 eae
1336 1175 1415 1202 non
1451 1173 1592 1209 magno
1631 1172 1748 1210 opere

170 1222 351 1262 videntur
386 1221 596 1270 placuisse;
638 1221 679 1259 in
714 1221 940 1269 egressione
977 1221 1094 1269 enim,
1133 1233 1248 1269 quam
1278 1221 1446 1260 inseruit
1475 1219 1653 1259 historiis
1682 1218 1749 1270 (II,

170 1290 202 1318 c.
233 1278 428 1329 37—38>‚
465 1290 551 1317 cum
588 1278 758 1318 civitatis
795 1290 922 1318 mores
958 1280 1131 1318 breviter
1161 1279 1432 1326 adumbraret,
1463 1289 1549 1316 cum
1580 1289 1627 1316 ex
1658 1288 1747 1315 sen-

170 1337 304 1376 tentiis
334 1341 417 1375 tum
446 1347 495 1375 ex
522 1335 653 1375 verbis
683 1335 799 1375 facile
828 1337 1056 1383 agnoscitur
1086 1337 1185 1376 alter
1216 1337 1436 1376 Sallustius.

500 1435 590 1472 Sall.
1326 1436 1414 1472 Tac.

174 1493 250 1529 Cat.
279 1495 333 1533 10,
360 1494 457 1530 1-3,
500 1493 571 1529 Sed
590 1493 652 1528 ubi
671 1493 796 1529 labore
814 1497 924 1538 atque
994 1504 1024 1529 c.
1048 1495 1103 1529 38.
1146 1493 1263 1530 Vetus
1294 1503 1338 1529 ac
1365 1494 1438 1529 iam
1468 1492 1609 1546 pridem
1638 1492 1747 1527 insita

219 1539 357 1575 iustitia
386 1549 456 1575 res
485 1539 668 1585 publica
698 1539 855 1584 crevit,
881 1560 923 1564 —
1041 1539 1255 1575 mortalibus
1302 1542 1540 1584 potentiae
1587 1537 1746 1583 cupido

221 1586 360 1621 saevire
378 1585 528 1620 fortuna
546 1595 610 1620 coe
638 1586 676 1620 it.
719 1586 834 1629 Igitur
850 1585 924 1630 pri·
1040 1596 1121 1621 cum
1133 1585 1308 1630 imperii
1322 1583 1629 1630 magnitudine
1645 1583 1747 1619 ado-

220 1642 278 1666 mo
297 1631 484 1676 pecuniae,
511 1630 594 1666 dein
621 1641 640 1666 e
659 1631 836 1676 imperii
854 1642 924 1666 cu·
1041 1631 1150 1666 levit
1180 1632 1390 1676 erupitque;
1426 1641 1511 1666 nam
1534 1630 1643 1665 rebus
1674 1640 1746 1664 mo-

221 1676 323 1723 pido
347 1677 496 1713 crevit.
1042 1677 1131 1712 dicis
1165 1678 1370 1722 aequalitas
1406 1676 1514 1712 facile
1544 1676 1711 1712 habetur.
1723 1678 1749 1719 ²)

179 1723 256 1758 Cat.
273 1725 324 1763 10,
338 1724 368 1757 2.
402 1722 484 1757 Sed
502 1722 576 1758 ubi
601 1742 644 1748 —
663 1732 786 1767 reges
805 1723 926 1767 magni
996 1722 1079 1759 Sed
1108 1723 1181 1758 ubi
1211 1723 1397 1759 subacto
1429 1723 1516 1758 orbe
1541 1727 1578 1757 et
1601 1732 1747 1758 aemu-

222 1769 318 1803 bello
337 1768 474 1808 domiti,
493 1769 659 1804 nationes
677 1768 775 1804 ferae
795 1773 831 1804 et
849 1779 926 1813 po·
1040 1769 1098 1804 lis
1130 1769 1314 1806 urbibus
1342 1769 1576 1814 regibusve
1601 1767 1748 1803 excissis

221 1813 312 1860 puli
347 1814 510 1858 ingentes
545 1814 579 1849 vi
609 1814 801 1855 subacti,
838 1814 924 1850 Car·
1041 1825 1188 1851 securas
1219 1826 1306 1860 opes
1337 1815 1595 1860 concupiscere
1619 1825 1748 1849 vacu-

223 1861 332 1904 thago
355 1860 528 1895 aemula
550 1860 691 1905 imperii
708 1860 861 1895 Romani
880 1860 924 1895 ab
1041 1872 1109 1896 um
1133 1860 1236 1901 fuit,
1262 1861 1380 1906 prima
1402 1861 1499 1896 inter
1529 1865 1655 1905 patres
1672 1860 1748 1904 ple-

225 1907 338 1951 stirpe
373 1906 511 1941 interiit
534 1925 578 1931 —
603 1907 741 1942 saevire
778 1906 927 1942 fortuna
1041 1907 1194 1952 bemque
1219 1908 1419 1943 certamina
1442 1917 1622 1942 exarsere.

226 1962 270 1987 ac
298 1951 447 1987 miscere
477 1951 598 1987 omnia
621 1953 750 1997 coepit.
775 1972 819 1978 —
842 1952 925 1988 hist.
996 1953 1134 1993 Verba,
1166 1963 1259 1998 quae
1290 1957 1495 1998 sequuntur
1525 1952 1643 1987 ‘modo
1672 1956 1748 1987 tur-

226 1998 254 2033 1.
276 2000 318 2032 10
340 1999 420 2042 (11).
454 1997 653 2043 Postquam
670 2003 810 2034 remoto
828 2002 927 2034 metu
1041 1999 1179 2034 bulenti
1209 1999 1356 2035 tribuni'
1387 2003 1425 2034 et
1449 2010 1480 2044 q.
1507 2010 1536 2034 s.
1559 1998 1750 2033 conferan-

225 2043 361 2079 Punico
384 2044 586 2079 simultates
609 2054 779 2079 exercere
798 2055 926 2079 vacu-
1042 2050 1102 2080 tur
1127 2056 1208 2080 cum
1232 2045 1281 2090 Ig.
1309 2056 1339 2081 c.
1364 2046 1510 2082 41—42.

225 2100 291 2124 um
315 2089 415 2129 fuit,
445 2089 635 2134 plurumae
658 2090 803 2135 turbae,
834 2090 927 2126 sedi-

226 2136 344 2172 tiones
368 2141 404 2170 et
428 2135 475 2171 ad
492 2140 714 2180 postremum
731 2136 828 2172 bella
845 2136 927 2171 eivi-

183 2227 194 2261 1
229 2181 383 2262 Πῖροηὲ
405 2186 532 2262 sunt's
557 2227 579 2262 d
610 2227 633 2262 d
747 2227 793 2262 (Γ
1202 2228 1225 2263 s
1250 2228 1273 2263 d

198 2238 322 2308 guum,
347 2278 384 2308 et
405 2236 527 2308 {lirinis
536 2232 842 2309 e'civitztisstumlbssi
873 2238 929 2309 2{irs
998 2239 1028 2295 ·c
1045 2230 1260 2320 {tgieeliiior‘il
1268 2233 1748 2319 mmffegi‘ii'gtfflffoliitgigguffi-

227 2318 257 2354 si
281 2318 487 2363 singulatim
511 2324 575 2354 aut
598 2330 664 2364 pro
683 2319 931 2364 magnitudine
1046 2320 1101 2356 lit:
1121 2331 1217 2355 nunc
1237 2320 1290 2355 ad
1308 2331 1454 2355 rerum
1473 2320 1667 2355 ordinem
1683 2331 1751 2355 re—

231 2374 355 2408 parem
379 2364 562 2404 disserere,
586 2370 727 2410 tempus
747 2376 855 2411 quam
873 2375 932 2401 res
1046 2366 1136 2402 deo.

230 2410 405 2446 maturius
436 2421 492 2446 me
525 2410 688 2452 deserat3
724 2423 849 2456 quani
880 2411 930 2447 ob

232 2466 319 2490 rem
343 2455 395 2491 ad
419 2457 639 2502 inceptum
664 2457 803 2493 redeo.

321 2551 492 2589 Sallustii
528 2563 634 2591 more
671 2554 863 2600 modoque
898 2554 1119 2601 composuit
1149 2553 1308 2592 Tacitus
1345 2553 1462 2591 etiam
1500 2564 1584 2591 eam
1622 2564 1751 2601 egres-

186 2608 344 2654 sionem,
375 2619 450 2655 qua
480 2609 664 2647 disseruit
695 2611 742 2648 de
773 2611 924 2658 legibus
953 2611 1054 2661 (ann.
1086 2610 1160 2660 ΙΙΙ,
1194 2611 1374 2659 26-28)
1403 2622 1526 2657 neque
1557 2611 1596 2648 in
1621 2622 1752 2658 egres-

187 2665 359 2703 sionibus
394 2666 665 2714 geographicis
702 2679 818 2715 saepe
853 2669 903 2706 ad
934 2669 1037 2706 illius
1067 2669 1283 2716 exemplum
1314 2679 1399 2706 sese
1428 2680 1505 2706 non
1536 2679 1754 2707 accommo-

187 2723 304 2762 davit.
364 2722 541 2760 Conferri
570 2728 748 2771 possunt:

283 2847 309 2888 ¹)
333 2845 400 2878 Cat.
428 2858 454 2878 c.
474 2849 495 2880 6
520 2858 592 2888 sqq.
618 2859 646 2882 c.
664 2850 718 2882 38.
755 2850 803 2890 lg.
830 2861 857 2883 e.
877 2850 1022 2883 41—42.
1049 2868 1091 2873 —
1116 2850 1193 2882 hist.
1220 2850 1258 2883 fr.
1285 2851 1307 2883 1.
1336 2851 1378 2884 10
1399 2851 1479 2892 (11).

281 2891 307 2933 ¹)
332 2891 400 2924 Cat.
427 2893 481 2929 37,
507 2894 526 2925 3
553 2900 686 2934 egestas
711 2895 807 2927 facile
831 2895 972 2928 habetur
996 2897 1067 2928 sine
1092 2896 1223 2928 damno.

1498 2953 1546 2987 4*
