1950 3198
883 181 1134 222 -8-

334 295 378 342 b)
402 307 511 336 -men
542 298 584 335 et
616 294 879 345 -mentum.¹).
913 317 959 323 —
993 297 1054 334 Ad
1085 296 1214 349 Taciti
1245 298 1376 336 studia
1407 301 1580 336 veterum
1601 298 1794 337 Sallustii-

227 364 301 400 que
336 354 491 393 videtur
526 365 612 391 esse
648 354 888 392 revocandus
920 354 1155 393 substantivi
1186 356 1508 401 ‘cognomentum'
1538 367 1648 402 usus,
1691 357 1795 403 quod

227 414 355 449 exstat
379 411 482 458 apud
506 411 631 448 Plaut.
656 411 761 448 Pers.
787 423 819 449 v.
845 412 909 450 60.
934 412 1012 449 11111.
1037 412 1087 458 gl.
1112 424 1146 451 v.
1175 413 1294 450 1038.
1321 435 1371 440 —
1397 413 1535 451 Pseud.
1560 426 1596 452 v.
1621 415 1715 452 976.
1740 436 1792 442 —

226 469 333 516 apud
361 471 463 516 poet.
494 480 555 515 ap.
588 467 665 506 Cic.
697 469 745 506 de
775 467 837 506 fin.
870 468 918 515 ΙΙ,
951 471 987 515 2,
1021 470 1084 507 15.
1115 491 1167 498 -
1201 469 1305 517 apud
1337 470 1428 508 Sall.
1458 469 1548 509 hist.
1579 470 1626 508 fr.
1657 470 1709 508 II.
1740 472 1796 510 40

223 523 343 576 (49)2)
375 547 425 554 -
459 525 522 563 IV.
555 526 606 564 35
637 524 727 575 (50).
754 548 804 553 —
831 527 936 573 apud
966 526 1144 564 Tacitum
1174 526 1264 565 hist.
1295 526 1345 574 ΙΙ,
1376 528 1429 566 43
1461 530 1500 566 et
1529 527 1796 575 sexiesdecies,

228 583 408 630 quodque
438 583 655 630 posteriore
685 586 859 630 tempore
887 583 1091 633 (Ammian.
1115 584 1209 622 Aur.
1234 584 1332 622 vict.
1357 585 1594 635 Hieronym.)
1617 585 1796 632 frequen-

227 640 329 678 tiore
358 640 399 677 in
423 651 495 678 usu
521 643 591 678 est.
634 639 859 679 Messallam
885 653 1037 688 quoque
1063 642 1138 680 hoc
1161 642 1279 680 verbo
1305 642 1362 680 uti
1388 642 1544 681 solitum
1569 654 1653 682 esse
1676 646 1797 682 testa-

226 700 290 736 tur
316 697 461 736 Seneca
491 709 592 736 suas.
618 697 666 735 II.
697 710 734 746 p.
764 699 813 737 17
840 698 888 736 K.
946 699 1009 738 Ad
1038 699 1148 738 verbi
1179 704 1475 746 cognomentum
1505 700 1797 739 similitudinem

228 756 348 802 quod
372 754 602 802 Apuleius
627 758 799 794 veterum
820 759 991 795 sectator
1009 756 1127 795 etiam
1146 759 1444 804 ‘agnomentum’
1460 756 1573 796 finxit
1590 759 1703 809 (apol.
1720 760 1796 808 56),

227 824 302 851 non
333 823 497 851 mlreris.
529 834 581 840 —

340 868 438 909 Inde
467 882 491 908 a
521 869 707 909 Sallustio
738 870 778 909 in
808 882 880 909 usu
912 874 1003 910 sunt
1033 871 1280 910 substantiva

340 926 375 978 a)
409 927 699 967 turbamentum
730 950 781 956 —
815 929 919 976 quod
956 940 1146 976 nusquam
1182 929 1379 968 invenitur
1415 929 1491 968 nisi
1527 929 1632 976 apud
1668 930 1795 968 Sallu-

228 984 344 1023 stium
375 988 413 1023 et
444 985 633 1023 Tacitum.
683 986 771 1024 Sall.
797 986 887 1024 hist.
912 986 942 1025 I.
967 987 1018 1024 41
1045 985 1136 1037 (45),
1162 987 1214 1026 25
1246 987 1494 1025 turbamenta
1523 987 1581 1025 rei
1606 987 1797 1034 publicae.

227 1042 317 1080 Tac.
349 1042 437 1081 hist.
462 1042 493 1089 I,
519 1044 570 1082 23
602 1043 853 1082 turbamenta
882 1044 998 1091 vulgi.
1030 1066 1081 1071 ——

340 1098 379 1150 b)
410 1100 795 1139 dehonestamentum
821 1123 872 1129 —
900 1101 990 1140 Sall.
1008 1101 1097 1140 hist.
1116 1100 1147 1139 I.
1166 1102 1217 1140 41
1238 1098 1329 1150 (45),
1356 1102 1420 1139 11.
1444 1099 1631 1149 Fufidius,
1656 1103 1798 1141 ancilla

227 1156 365 1204 turpis,
395 1157 587 1196 honorum
613 1159 783 1197 omnium
810 1159 1207 1198 dehonestamentum.
1243 1158 1332 1196 hist.
1358 1158 1388 1196 Ι.
1414 1159 1467 1197 55
1492 1156 1572 1208 (57)
1596 1159 1688 1207 quin
1714 1160 1799 1198 illo

228 1214 650 1254 dehonestamento
689 1217 907 1263 corporis
943 1216 1138 1266 (effosso
1176 1216 1324 1265 oculo)
1359 1216 1547 1255 maxime
1581 1217 1798 1256 laetaba-

228 1275 303 1309 tur
343 1271 623 1322 (Sertorius).
695 1273 826 1311 Senec.
869 1275 916 1312 de
952 1277 1074 1312 const.
1112 1285 1192 1322 sap.
1233 1275 1296 1319 19,
1329 1274 1365 1311 3.
1420 1274 1510 1312 Tac.
1541 1273 1630 1312 hist.
1662 1274 1714 1321 II,
1745 1276 1797 1314 87

228 1340 385 1367 scurrae
420 1330 632 1369 histriones
669 1331 846 1378 aurigae,
883 1332 1023 1378 quibus
1061 1331 1126 1369 ille
1156 1331 1416 1370 amicitiarum
1449 1331 1800 1370 dehonestamentis

226 1386 324 1424 mire
360 1388 568 1434 gaudebat.
614 1387 652 1425 h.
681 1387 748 1434 IV,
780 1389 844 1427 13.
892 1389 1154 1427 Sertorium
1192 1400 1239 1427 se
1274 1391 1342 1427 aut
1377 1388 1635 1427 Hannibalem
1672 1389 1799 1428 ferens

228 1443 376 1482 simili
407 1445 504 1483 oris
536 1445 957 1485 dehonestamento
987 1445 1052 1496 (56.
1084 1446 1262 1485 effosso
1295 1445 1454 1494 oculo).
1499 1458 1588 1485 ann.
1619 1446 1708 1493 XII,
1736 1448 1799 1486 14.

228 1501 333 1548 XIV,
366 1503 431 1540 21.
484 1503 584 1541 Just.
616 1502 766 1550 XXIII,
800 1505 835 1550 1,
868 1505 933 1543 16.
975 1503 1160 1550 XXVIII,
1188 1505 1225 1550 2,
1258 1505 1295 1542 9.
1338 1503 1452 1542 Treb.
1482 1503 1578 1542 Poll.
1603 1503 1736 1543 Claud.
1762 1506 1798 1543 5.

229 1558 437 1606 Antipater
474 1561 616 1598 ancilla
650 1560 841 1599 honorum
877 1565 916 1599 et
949 1561 1224 1600 historicorum
1263 1561 1656 1600 dehonestamentum.
1703 1562 1799 1599 Am-

231 1616 347 1654 mian.
371 1617 513 1664 XXVI,
540 1620 576 1664 6,
604 1619 654 1656 16
687 1618 1032 1658 dehonestamenta
1062 1620 1252 1658 honorum
1285 1618 1464 1657 omnium.

344 1674 376 1724 c)
406 1675 705 1714 hortamentum.
765 1676 855 1715 Sall.
894 1676 950 1724 Ig.
984 1677 1048 1723 98,
1082 1679 1117 1716 7.
1171 1676 1255 1714 Liv.
1289 1679 1324 1722 7,
1357 1677 1420 1722 11,
1452 1678 1476 1715 6
1513 1676 1554 1714 111
1589 1680 1799 1724 conspectu

226 1734 432 1779 parentum
470 1733 753 1780 coniugumque
783 1745 829 1771 ac
859 1734 1086 1781 liberorum,
1127 1745 1226 1781 quae
1257 1745 1397 1781 magna
1427 1733 1544 1772 etiam
1575 1734 1801 1772 absentibus

231 1790 477 1828 hortamenta
501 1790 621 1828 animi
646 1794 727 1829 tum
754 1791 930 1830 subiecta
955 1792 1076 1830 oculis
1102 1791 1262 1830 militem
1287 1791 1560 1830 accendebant.
1595 1791 1627 1829 T
1629 1803 1686 1830 ac.
1711 1792 1800 1830 hist.

227 1846 293 1893 IV,
326 1848 378 1886 18
415 1847 600 1895 coniuges
636 1860 856 1896 parvosque
891 1849 1037 1888 liberos
1068 1850 1282 1888 consistere
1312 1860 1336 1886 a
1365 1852 1476 1896 tergo
1507 1848 1630 1895 iubet,
1667 1850 1801 1887 horta-

230 1907 360 1942 menta
389 1904 579 1944 victoriae
609 1907 669 1945 vel
697 1907 820 1953 pulsis
852 1908 1052 1954 pudorem.
1082 1929 1134 1934 —
1167 1911 1206 1944 et
1236 1918 1296 1954 ap.
1327 1907 1374 1944 al.

342 1962 458 2009 Apud
483 1963 661 2001 Tacitum
686 1963 854 2011 primum
879 1967 1034 2003 exstant
1057 1965 1178 2002 verba
1201 1964 1411 2003 vimentum
1435 1975 1506 2011 pro
1531 1964 1649 2001 verbo
1675 1963 1800 2001 vimen

230 2019 383 2066 vulgari
419 2019 519 2070 (ann.
555 2020 650 2067 XII,
688 2022 770 2071 16),
806 2021 1102 2060 eiectamentum
1137 2021 1279 2071 (Germ.
1309 2022 1375 2059 45.
1433 2021 1546 2068 Apul.
1583 2021 1685 2067 apol.
1722 2022 1799 2070 35),

231 2077 551 2115 meditamentum
575 2077 676 2128 (ann.
702 2078 785 2126 XV,
811 2080 875 2118 35.
918 2079 1007 2118 hist.
1033 2079 1096 2126 IV,
1123 2080 1188 2118 26.
1231 2079 1326 2117 Gell.
1352 2079 1390 2125 8,
1417 2079 1480 2117 10.
1517 2077 1708 2116 Ammian.
1734 2079 1799 2125 23,

346 2191 870 2232 Terminationem·mentum
902 2205 925 2231 a
954 2194 1148 2241 principio
1186 2193 1283 2231 nihil
1312 2192 1418 2231 aliud
1449 2204 1534 2231 esse
1565 2193 1639 2230 nisi
1669 2193 1801 2231 termi—

234 2250 431 2288 nationem
461 2262 567 2289 -men
596 2251 882 2298 participialem
914 2250 1054 2289 suffixo
1085 2255 1145 2290 -to
1170 2250 1443 2298 amplificatam
1469 2262 1554 2288 cum
1578 2250 1648 2288 alii
1673 2254 1801 2288 statu-

177 2331 185 2337 ·
231 2310 345 2345 erunt
374 2310 456 2345 tum
488 2307 714 2347 Gorssenus.
763 2309 838 2347 Sed
869 2309 1114 2347 substantiva
1137 2308 1178 2346 in
1202 2311 1390 2346 -mentum
1415 2307 1596 2346 exeuntia
1620 2308 1696 2345 iam
1722 2319 1800 2346 ma-

231 2366 318 2402 ture
342 2376 366 2402 a
389 2365 645 2404 substantivis
675 2366 717 2404 in
741 2378 847 2405 -men
870 2366 1089 2405 terminatis
1115 2377 1199 2404 sese
1223 2366 1499 2412 discreverunt,
1530 2365 1586 2403 ita
1610 2368 1653 2403 ut
1676 2366 1799 2413 magis

231 2422 282 2460 ad
307 2421 629 2469 significationem
655 2423 902 2462 instrumenti
922 2423 1165 2462 inclinarent.
1202 2424 1346 2462 Poetae
1370 2423 1453 2469 soli,
1480 2423 1620 2469 quibus
1639 2426 1800 2471 propter

231 2482 395 2517 metrum
431 2480 471 2517 in
509 2484 731 2528 contemptu
769 2485 880 2519 erant
911 2482 1157 2520 substantiva
1187 2481 1226 2519 in
1259 2484 1447 2518 -mentum
1479 2479 1664 2527 formata,
1694 2480 1799 2518 illam

231 2537 392 2575 alteram
429 2537 762 2576 substantivorum
792 2537 1063 2577 formationem
1095 2539 1228 2586 utique
1258 2538 1298 2576 in
1328 2549 1439 2577 usum
1465 2549 1575 2576 suum
1601 2541 1802 2576 converte-

232 2598 334 2632 runt.
383 2595 531 2642 Quodsi
563 2595 735 2634 eiusdem
767 2595 1003 2635 substantivi
1033 2600 1071 2634 et
1101 2596 1141 2634 in
1171 2607 1277 2634 -men
1307 2599 1344 2634 et
1374 2596 1413 2633 in
1444 2599 1631 2633 -mentum
1656 2594 1800 2634 forma-

234 2651 359 2690 tiones
403 2656 575 2699 exstant,
618 2652 724 2691 illam
766 2653 1050 2692 vindicabimus
1093 2654 1237 2701 poetis,
1278 2653 1377 2691 hanc
1414 2653 1582 2691 sermoni
1617 2653 1800 2700 pedestri.

354 2799 376 2839 ¹)
400 2799 446 2831 Dc
465 2800 681 2832 substantivis
701 2801 734 2831 in
754 2810 843 2832 -111611
865 2804 896 2831 ct
913 2804 1076 2832 -mentmn
1091 2800 1318 2833 desinentibus
1332 2798 1440 2831 fusius
1454 2799 1635 2841 disputavit
1649 2798 1798 2831 Corssen.

233 2844 309 2876 ΚΜ.
336 2845 469 2877 Nachtr.
494 2856 553 2877 zur
578 2846 631 2877 lut.
659 2844 889 2878 Formenlehre
914 2857 944 2888 p.
973 2845 1036 2879 125
1061 2856 1133 2888 sqq.

348 2890 374 2933 2)
398 2892 417 2923 i.
443 2901 470 2924 6.
498 2891 536 2923 fr.
562 2890 607 2925 40
631 2893 667 2924 D.
695 2910 733 2915 —
762 2891 806 2925 49
831 2893 884 2925 ΚΓ.
