1950 3198
834 176 1108 218 -49-

677 287 764 324 Sall.
909 287 916 376 Ι
1512 284 1596 319 Tac.

316 332 398 369 hist,
527 288 533 379 Ι
696 333 745 379 Ig.
1094 332 1171 368 Cat.
1512 330 1596 364 hist.

186 378 228 414 fr.
252 380 280 413 1.
311 378 382 414 Res
399 389 446 424 po
475 379 525 415 uli
1347 387 1377 412 c.
1395 378 1423 411 1.
1443 376 1490 411 in.
1511 375 1660 410 Initium
1672 374 1758 409 mihi

229 423 384 460 Romani
396 391 524 460 Mffie-
1230 429 1232 431 “
1394 421 1514 467 operis
1524 420 1668 455 Servius
1675 419 1758 455 Gal-

232 469 318 514 pido
335 472 375 516 Q.
396 470 524 508 Catulo
1393 469 1441 503 ba
1482 467 1588 502 Titus
1630 465 1758 502 Vinius

231 516 441 552 consulibus
482 527 524 552 ac
1392 514 1562 549 consules
1593 516 1710 548 erunt.

231 561 359 597 deinde
375 562 524 598 militiae

231 611 269 642 et
290 606 388 643 domi
403 612 524 661 gestas

185 663 429 735 fncgfflffsw
1347 696 1485 732 iudicat
1509 695 1560 749 de·
1577 705 1700 730 rerum

1393 742 1631 787 scriptonbus

924 804 953 828 c.
973 795 1005 832 3,
1031 794 1063 826 2.
1348 792 1384 823 et
1409 788 1453 823 de
1478 788 1633 823 historia

537 847 568 874 c,
586 838 619 878 4,
643 838 744 872 3-4.
924 850 956 874 c.
975 841 1007 878 3,
1032 837 1132 873 3—5.
1170 847 1200 872 c.
1220 837 1251 871 4.
1347 834 1510 879 loquitur
1535 833 1578 868 de
1602 843 1640 869 se

185 879 229 918 fr.
248 882 281 918 5.
1347 879 1539 926 profitetur
1568 879 1757 925 incorrup-

1394 931 1471 962 tam
1493 925 1613 961 fidem.

537 986 567 1011 c·
586 976 618 1015 5,
646 975 743 1009 1-2.
923 987 952 1011 c.
972 977 1004 1015 5,
1025 976 1125 1010 1-8.
1349 984 1378 1009 c.
1410 974 1511 1007 2—3
1541 976 1757 1017 temporum,

923 1021 1103 1058 Catilinae
1122 1030 1262 1055 morum
1274 1018 1334 1054 de·
1395 1018 1439 1054 de
1452 1018 1584 1064 quibus
1602 1021 1658 1053 est
1671 1018 1758 1053 scri-

970 1067 1128 1112 scriptio.
1392 1069 1533 1110 pturus‚
1550 1063 1661 1100 facies
1675 1064 1757 1099 civi-

1392 1111 1554 1155 tatisque
1615 1120 1756 1145 morum

1393 1156 1599 1202 descriptio.
1625 1176 1668 1181 -

536 1204 585 1250 Ig.
601 1206 632 1244 5,
652 1206 683 1239 3.
710 1204 782 1240 Sed
793 1206 909 1252 prius-
923 1216 953 1241 c.
971 1207 1004 1245 5,
1023 1207 1056 1241 9.
1074 1204 1146 1240 Res
1158 1204 1238 1250 ipsa
1250 1204 1332 1239 hor-
1347 1214 1375 1238 c.
1397 1205 1428 1238 4.
1461 1204 1631 1238 Ceterum
1655 1205 1756 1256 ante-

583 1261 692 1294 quam
761 1250 910 1288 huiusce
968 1251 1040 1286 tari
1063 1250 1218 1291 videtur,
1243 1260 1330 1294 quo·
1392 1260 1501 1294 quam
1571 1248 1758 1285 destinata

582 1296 677 1331 modi
701 1307 778 1332 rem
803 1307 910 1343 expe·
968 1298 1066 1333 niam'
1095 1296 1140 1332 de
1169 1296 1332 1332 moribus
1391 1305 1622 1340 componam,
1654 1304 1756 1340 repe-

582 1342 652 1382 dio,
666 1354 784 1388 pauca
800 1353 910 1389 supra
969 1342 1125 1379 civitatis
1187 1347 1331 1387 tempus
1392 1341 1543 1377 tendum
1600 1340 1754 1380 videtur,

580 1394 753 1433 repetam,
773 1399 844 1433 quo
863 1389 910 1425 ad
968 1389 1173 1429 admonuit,
1222 1398 1334 1433 supra
1391 1387 1510 1432 qualis
1545 1390 1665 1423 status
1696 1397 1755 1422 ur-

600 1435 892 1479 cognoscundum
967 1439 1132 1481 repetere
1150 1445 1193 1471 ac
1206 1435 1334 1479 paucis
1391 1434 1464 1474 bis,
1512 1443 1606 1477 quae
1654 1442 1754 1468 mens

581 1481 701 1517 omnia
754 1481 910 1518 illustria
969 1481 1147 1517 disserere
1163 1481 1333 1516 instituta
1380 1479 1616 1515 *exercituum
1645 1500 1688 1504 —
1713 1482 1755 1513 ut

579 1527 691 1572 magis
724 1529 916 1573 magisque*
968 1528 1146 1563 maiorum
1163 1526 1258 1562 domi
1270 1527 1333 1562 mi-
1391 1536 1464 1561 non
1505 1524 1612 1560 modo
1648 1534 1754 1560 casus

578 1571 615 1606 in
640 1578 767 1618 aperto
791 1574 873 1610 sint.
967 1573 1151 1618 litiaeque,
1185 1583 1331 1617 quomo·
1391 1574 1615 1616 eventusque
1631 1579 1754 1606 rerum

968 1620 1013 1654 do
1043 1629 1121 1654 rem
1149 1619 1331 1664 publicam
1391 1617 1455 1654 sed
1501 1618 1613 1653 etiam
1658 1617 1753 1652 ratio

966 1665 1160 1701 habuerint
1182 1669 1250 1700 etc.
1390 1673 1753 1709 causaequenoscan-

1389 1713 1460 1746 tur.

1343 1768 1361 1791 c
1394 1758 1505 1792 4-11
1531 1755 1699 1802 egressio.

180 1752 340 1789 sno—14
348 1753 516 1799 egressio,
531 1758 632 1796 c.5‚4
645 1776 686 1782 -
699 1767 728 1792 c.
739 1758 782 1792 10
790 1767 907 1803 egres-
1395 1804 1436 1838 12
1461 1804 1470 1811 ·
1501 1803 1539 1838 ‘t'

1342 1814 1372 1838 c.
1459 1813 1512 1839 mi
1529 1813 1613 1838 ium.

576 1803 639 1839 sio.

921 1768 950 1794 c.
970 1758 1083 1792 6-13
1109 1756 1277 1802 egressio.

921 1814 950 1839 c.
973 1804 1017 1839 14
1039 1803 1191 1839 initium.

290 1898 441 1937 Deinde
483 1899 703 1946 loquentem
745 1899 841 1938 facit
881 1899 1090 1939 Sallustius
1125 1898 1334 1946 Micipsam
1369 1898 1438 1950 (Ig.
1477 1910 1507 1937 c.
1541 1897 1624 1948 10),
1666 1909 1751 1936 cum

178 1955 403 2003 Iugurtham
434 1956 475 1994 in
509 1967 670 2004 regnum
699 1957 922 2006 adoptaret,
958 1958 1118 1996 Tacitus
1149 1955 1313 1995 Galbam
1349 1955 1393 2007 (c.
1427 1955 1622 2006 15—16),
1665 1967 1750 1994 cum

177 2014 383 2060 adoptaret
405 2013 586 2053 Pisonem
616 2014 656 2052 in
680 2015 954 2062 principatum.
1004 2015 1144 2054 Cetera
1167 2014 1332 2053 minoris
1358 2018 1449 2052 sunt
1472 2014 1669 2052 momenti.
1695 2036 1747 2042 —

289 2070 336 2109 In
365 2071 562 2110 annalium
592 2071 706 2110 initio
737 2072 897 2112 Tacitus
927 2072 1133 2112 brevitatis
1164 2071 1476 2112 studiosissimus
1507 2071 1593 2110 fuit.
1645 2071 1749 2119 Quo-

176 2129 280 2166 niam
310 2128 411 2167 enim
440 2141 519 2168 uno
550 2129 678 2177 capite
709 2130 757 2169 de
786 2129 923 2170 formis
955 2130 1121 2170 diversis
1157 2129 1396 2178 reipublicae
1427 2129 1607 2169 omnibus
1636 2132 1676 2167 et
1701 2130 1747 2168 de

176 2185 342 2224 historia
365 2186 590 2234 disputavit,
621 2187 755 2226 statim
779 2199 861 2227 rem
890 2188 1015 2236 ipsam
1040 2198 1247 2236 aggressus
1272 2191 1342 2227 est.
1390 2187 1532 2235 Verba,
1556 2198 1580 2225 a
1606 2187 1746 2235 quibus

177 2243 328 2282 orditur
352 2242 526 2282 ‘Romam
549 2256 574 2282 a
599 2245 792 2293 principio
816 2257 929 2294 reges
954 2245 1136 2285 habuere'
1163 2245 1367 2292 usurpavit
1386 2245 1611 2284 Sallustium
1637 2255 1745 2284 secu-

177 2303 250 2347 tus,
281 2301 346 2348 qui
376 2301 417 2339 in
447 2301 530 2340 Cat.
562 2314 593 2341 c.
625 2303 663 2349 6,
695 2303 716 2340 1
750 2303 904 2352 incipit:
935 2304 1094 2343 ‘Urbem
1123 2303 1286 2342 Romam
1310 2303 1483 2342 habuere
1508 2303 1621 2342 initio
1647 2302 1744 2341 Tro-

176 2357 277 2396 iani’.
322 2358 430 2397 Haec
458 2360 579 2398 verba
607 2360 786 2400 Tacitum
815 2365 954 2401 contra
975 2361 1200 2400 Sallustium
1231 2361 1452 2408 disputasse
1476 2363 1590 2400 acute
1614 2361 1745 2399 conie—

176 2415 228 2452 cit
257 2415 573 2468 Woelfflinius¹);
614 2417 787 2457 fabulam
823 2420 924 2458 enim
961 2419 1066 2457 illam
1103 2419 1152 2458 de
1181 2418 1364 2457 Troianis
1400 2418 1475 2457 hoc
1510 2419 1626 2457 modo
1657 2429 1742 2456 eum

175 2471 346 2510 refutare
374 2474 553 2513 voluisse.
601 2474 674 2513 Cui
704 2468 861 2516 obstare
890 2477 1056 2523 videtur,
1088 2477 1192 2524 quod
1215 2476 1376 2514 Tacitus
1403 2477 1451 2514 de
1475 2474 1643 2515 formis
1673 2476 1743 2514 rei

175 2530 410 2578 publicae,
441 2531 645 2571 Sallustius
677 2534 730 2571 de
759 2534 931 2573 incolis
962 2534 1096 2573 urbis
1127 2533 1310 2582 loquitur.
1359 2534 1470 2580 Quod
1501 2534 1534 2572 si
1565 2533 1624 2571 vir
1650 2534 1742 2572 doc-

175 2590 237 2625 tus
261 2590 392 2626 censet
414 2588 587 2628 iudicare
610 2590 800 2639 Tacitum,
830 2603 915 2630 cum
941 2592 1062 2630 isdem
1086 2592 1215 2630 verbis
1240 2594 1427 2637 uteretur,
1452 2602 1498 2628 ac
1522 2590 1742 2638 Sallustius,

175 2645 223 2682 de
252 2644 409 2691 regibus
441 2657 526 2685 esse
555 2650 701 2686 certam
731 2660 823 2696 rem,
855 2650 903 2688 de
932 2649 1071 2688 incolis
1104 2649 1233 2687 omnia
1263 2647 1454 2695 fabulosa,
1486 2659 1640 2696 oppono
1667 2648 1742 2687 Ta-

175 2702 305 2748 citum,
340 2703 432 2750 quia
467 2704 682 2751 scripturus
719 2710 805 2745 erat
841 2708 888 2745 de
924 2707 1214 2754 principatu,
1245 2707 1416 2745 breviter
1446 2706 1636 2753 repetisse
1670 2706 1740 2744 rei

174 2760 390 2807 publicae
431 2760 602 2800 formas
641 2764 929 2812 superiores,
973 2776 1062 2803 non
1099 2765 1239 2812 quasi
1281 2775 1628 2804 consummasse
1663 2775 1737 2802 res

268 2884 292 2927 ¹)
317 2884 431 2918 ΡΙιῑΙοΙ.
449 2885 494 2918 26
517 2897 548 2927 p.
570 2884 645 2921 128.

1509 2946 1530 2983 4
