1950 3198
861 171 1143 212 „46-

220 287 351 326 butive
381 287 497 325 etiam
529 298 615 325 cum
647 286 870 325 nominibus
901 286 1148 325 coniunctum
1180 297 1275 324 esse.
1288 285 1316 334 1)
1375 287 1474 333 Quin
1507 287 1558 326 ‘id
1588 288 1663 326 hoc
1693 288 1793 328 idem

221 346 323 383 istuc
353 344 508 382 aetatis’
539 345 617 382 sint
647 344 861 382 accusativi
892 344 1144 391 temporales,
1181 343 1246 382 vix
1277 343 1560 391 dubitabimus,
1597 345 1630 383 si
1662 345 1794 384 confe-

219 413 348 440 remus
378 402 504 439 Plaut.
536 412 650 440 merc.
683 403 718 448 2,
751 403 788 448 2,
822 403 872 440 19
912 401 1006 448 quid
1036 412 1108 448 ego
1139 401 1214 439 tibi
1244 401 1385 439 aetatis
1417 402 1562 440 videor.
1620 402 1726 441 Pers.
1759 405 1795 447 2,

220 461 257 505 4,
289 461 312 498 5
347 459 428 497 scio
460 469 532 505 ego
571 458 664 505 quid
702 458 774 497 siin
807 459 959 497 aetatis.
1008 459 1088 497 mil.
1120 459 1156 504 3,
1189 459 1225 505 1,
1256 459 1308 497 65
1341 458 1433 496 illuc
1463 459 1605 497 aetatis
1637 459 1703 506 qui
1733 459 1795 498 sit.

220 516 299 554 Cic.
331 517 378 555 de
409 516 485 554 inv.
512 518 548 562 2,
574 516 629 554 30
655 516 707 554 92
741 527 826 553 cum
857 515 899 555 id
928 516 1071 554 aetatis
1102 526 1237 554 essem.
1284 515 1399 562 Apul.
1430 519 1518 554 met.
1546 517 1609 562 10,
1635 517 1660 555 8
1692 518 1796 564 quod

221 573 364 611 aetatis
397 585 492 611 sum.
525 595 576 600 —-
610 573 685 612 Sed
717 574 956 611 accedebant
985 573 1103 611 etiam
1132 573 1183 612 ad
1213 584 1260 611 ea
1288 573 1420 619 verba,
1451 572 1593 620 quibus
1624 585 1702 611 non
1732 585 1795 612 ac—

221 631 439 669 cusativum
469 630 669 677 temporis,
701 631 768 669 sed
798 631 1012 669 ablativum
1042 634 1222 678 expectes
1253 630 1424 677 adiungi,
1466 630 1558 677 quia
1582 641 1708 669 sermo
1739 635 1798 669 est

218 699 294 726 non
328 689 376 727 de
406 687 547 735 spatio,
579 688 647 726 sed
678 688 726 726 de
756 691 901 734 puncto
932 688 1132 735 temporis,
1163 688 1267 734 quod
1298 687 1454 734 quidem
1479 687 1586 726 cadit
1608 688 1732 735 magis
1758 689 1798 726 in

219 746 436 784 locutiones
468 744 612 783 similes
644 745 696 784 ‘id
721 745 919 792 temporis’
945 745 1032 783 ‘hoc
1056 744 1219 784 noctis’:
1250 744 1327 782 Cic.
1354 756 1412 792 pr.
1436 745 1552 783 Rosc.
1577 744 1705 783 Amer.
1732 746 1798 792 34,

219 805 271 841 97
305 806 348 840 ut
385 802 425 840 id
461 802 650 850 temporis
686 802 849 841 Romam
888 802 1212 850 proficisceretur.
1273 801 1356 840 Cat.
1391 803 1431 848 1,
1463 803 1505 848 4,
1540 803 1602 841 10.
1652 803 1700 841 de
1735 802 1798 840 fin.

219 862 262 906 5,
296 861 330 897 1.
360 861 394 897 1.
446 862 548 897 auct.
577 859 666 897 bell.
697 859 796 906 hisp.
829 861 870 906 3,
904 862 939 898 7.
976 860 1068 898 Tac.
1105 871 1193 898 ann.
1224 859 1321 905 XII,
1354 860 1379 897 8
1410 859 1459 897 al.
1491 881 1543 886 —
1575 859 1646 898 His
1679 859 1800 906 igitur

221 917 316 955 locis
354 916 678 963 significationem
713 917 928 956 accusativi
958 917 1213 965 principalem
1243 926 1404 964 prorsus
1437 916 1684 954 obscuratam
1715 929 1799 956 esse

220 974 413 1020 videmus;
445 974 497 1012 ‘id
528 973 728 1021 temporis'
758 978 797 1012 et
826 975 911 1013 ‘hoc
941 974 1080 1012 noctis’
1109 974 1290 1013 abierant
1318 973 1359 1011 in
1390 973 1588 1012 notionem
1619 974 1798 1013 adverbi-

223 1043 345 1069 orum.
377 1054 429 1059 —-
463 1031 576 1078 Quod
606 1031 640 1069 si
669 1031 711 1070 id
740 1031 815 1069 hoc
845 1031 948 1070 idem
978 1031 1120 1070 aetatis
1151 1030 1374 1070 nominibus
1405 1032 1618 1078 adduntur,
1648 1035 1797 1079 tempo-

223 1089 318 1126 ralis
349 1087 565 1126 accusativi
594 1089 653 1127 vis
685 1089 780 1127 satis
811 1088 1020 1127 manifesta
1049 1092 1124 1135 est;
1155 1087 1405 1138 participium
1430 1089 1532 1127 enim
1556 1088 1667 1127 verbi
1691 1089 1800 1127 ‘esse'

219 1145 330 1193 quasi
360 1145 678 1184 subaudiebatur.
708 1167 761 1173 —-

332 1203 406 1241 Sed
437 1203 728 1242 id-hoc-omne
760 1213 882 1250 genus
912 1203 1134 1251 Draegerus
1166 1207 1205 1242 et
1228 1203 1390 1242 Peterus
1421 1215 1499 1242 non
1528 1206 1634 1241 recte
1662 1203 1797 1241 viden·

218 1264 283 1298 tur
313 1256 575 1307 appositionis
606 1261 692 1299 loco
724 1260 945 1299 nominibus
971 1261 1065 1300 addi
1090 1272 1258 1307 censere,
1289 1272 1413 1308 neque
1436 1259 1623 1299 Kfihnero
1634 1259 1664 1308 ²)
1693 1261 1797 1299 eius-

219 1317 326 1356 modi
367 1318 612 1356 accusativos
650 1318 890 1356 Graecorum
932 1329 1039 1356 more
1075 1318 1276 1357 adhibitos
1313 1329 1399 1357 esse
1437 1318 1566 1356 credo.
1624 1317 1796 1356 Primum

219 1375 322 1413 enim
353 1375 513 1413 obstare
542 1375 709 1422 videtur,
741 1376 844 1423 quod
870 1387 947 1414 non
971 1375 1221 1414 inveniuntur
1248 1375 1324 1413 nisi
1348 1376 1453 1422 apud
1481 1386 1547 1414 eos
1573 1375 1797 1422 scriptores,

221 1443 384 1479 quorum
425 1432 553 1470 oratio
585 1433 754 1471 sermoni
785 1433 948 1480 propior
978 1436 1037 1471 est
1066 1433 1237 1480 vulgari,
1274 1433 1315 1470 in
1343 1433 1455 1472 libris
1487 1432 1647 1471 Catonis
1678 1434 1726 1472 de
1755 1444 1797 1471 re

221 1489 379 1536 rustica,
411 1490 450 1527 in
478 1489 610 1528 satiris
636 1489 780 1528 Lucilii
805 1489 995 1528 Varronis
1019 1489 1178 1528 Horatii
1201 1490 1390 1536 Petronii,
1420 1491 1461 1528 in
1485 1489 1662 1537 epistulis
1688 1489 1796 1528 Cice-

220 1547 340 1585 ronis.
388 1547 523 1593 Neque
553 1547 769 1586 accusativi
794 1548 1034 1588 Graecorum
1066 1548 1133 1594 qui
1161 1550 1324 1586 vocatur
1353 1547 1563 1595 respectivi
1586 1547 1694 1585 notio
1720 1559 1797 1586 non

218 1615 358 1650 magno
403 1615 521 1650 opere
562 1604 692 1642 aliena
734 1608 794 1643 est
830 1616 854 1642 a
891 1603 1175 1651 significatione
1216 1605 1430 1643 accusativi
1465 1605 1506 1643 id
1543 1615 1680 1651 genus,
1722 1604 1797 1643 hoc

216 1673 356 1708 genus,
396 1672 509 1699 omne
545 1672 683 1708 genus:
722 1662 838 1700 immo
876 1662 1162 1700 substantivum
1199 1661 1343 1709 ‘genus'
1378 1663 1419 1700 in
1449 1662 1671 1700 accusativo
1703 1673 1796 1700 casu

216 1718 361 1756 fixum
392 1730 478 1757 esse
508 1719 700 1766 arbitror,
735 1720 841 1758 unde
870 1719 1017 1757 factum
1047 1722 1125 1766 est,
1155 1722 1199 1757 ut
1229 1719 1450 1757 nominibus
1481 1719 1693 1758 adderetur
1723 1730 1795 1766 pro

217 1776 413 1822 genetivo,
457 1787 534 1815 non
577 1776 837 1824 appositionis
879 1777 978 1815 loco.
1037 1776 1136 1814 Nam
1178 1778 1324 1823 ‘genus'
1359 1777 1605 1814 accusativus
1642 1776 1796 1815 videtur

216 1845 300 1871 esse
338 1833 458 1871 etiam
494 1833 536 1871 in
573 1834 772 1872 locutione
808 1835 928 1880 ‘quod
964 1844 1083 1880 genus
1121 1835 1192 1872 est'
1227 1835 1289 1872 vel
1318 1835 1435 1880 ‘quod
1465 1834 1598 1880 genus’
1627 1844 1700 1880 pro
1730 1834 1796 1871 ‘ut’

216 1890 343 1936 ‚velut’
368 1891 514 1937 passim
535 1891 683 1938 posita:
713 1891 837 1929 Lucil.
861 1891 926 1929 lib.
953 1890 1027 1928 ΙΙΙ.
1054 1892 1119 1930 29.
1168 1890 1278 1929 Varr.
1307 1891 1344 1929 d.
1368 1902 1399 1929 r.
1423 1902 1455 1929 r.
1482 1893 1518 1937 2,
1546 1892 1610 1929 10.
1648 1890 1796 1928 Cornif.

222 1950 258 1994 2,
291 1949 356 1994 30,
387 1948 440 1986 48
473 1947 578 1994 quod
607 1958 730 1994 genus
755 1949 791 1986 ei
816 1951 917 1994 sunt,
942 1959 966 1985 a
991 1948 1132 1994 quibus
1157 1975 1167 1985 .
1192 1976 1201 1985 .
1227 1977 1236 1985 .
1284 1948 1321 1994 4,
1352 1949 1418 1994 49,
1444 1949 1497 1986 62
1521 1947 1637 1985 unius
1663 1948 1794 1986 cuius-

220 2016 294 2051 que
335 2005 489 2051 generis
532 2004 687 2052 singula
729 2005 1028 2043 subiecissemus
1070 2006 1262 2052 exempla,
1313 2005 1389 2042 nisi
1431 2005 1648 2052 exemplum
1690 2006 1794 2051 quod

213 2073 333 2108 genus
355 2064 469 2108 esset,
495 2062 536 2099 in
561 2062 800 2110 expolitione
825 2063 1209 2101 demonstrassemus.
1230 2084 1282 2089 —
1306 2061 1385 2100 Cic.
1404 2063 1452 2100 de
1469 2062 1546 2100 inv,
1568 2063 1605 2108 2,
1626 2062 1691 2108 52,
1712 2063 1790 2101 157

217 2121 276 2156 est
301 2118 496 2165 quiddam,
529 2120 633 2165 quod
664 2131 735 2158 sua
764 2119 803 2157 vi
828 2131 898 2158 nos
923 2118 1085 2157 adliciat
1108 2120 1159 2157 ad
1190 2130 1274 2157 sese
1304 2130 1382 2157 non
1413 2119 1669 2157 emolumento
1701 2130 1793 2165 cap-

215 2179 303 2214 tans
328 2175 473 2223 aliquo,
505 2177 573 2215 sed
602 2177 762 2214 trahens
788 2188 858 2214 sua
884 2175 1086 2222 dignitate,
1118 2177 1222 2223 quod
1247 2187 1369 2223 genus
1394 2179 1455 2214 est
1478 2176 1603 2214 virtus
1630 2176 1794 2214 scientia

215 2233 362 2271 veritas
393 2236 433 2271 et
458 2244 493 2279 q.
519 2245 547 2271 s.
597 2233 668 2272 His
699 2233 796 2272 locis
827 2234 973 2280 ‘genus'
998 2233 1260 2271 nominativus
1285 2233 1351 2271 vix
1375 2244 1460 2271 esse
1485 2236 1627 2280 potest,
1659 2245 1792 2279 quam-

215 2301 331 2339 quam
368 2290 598 2336 quomodo
635 2291 900 2330 accusativum
939 2290 1137 2336 definiam,
1181 2291 1357 2337 despero.
1416 2289 1596 2328 Ceterum
1633 2290 1683 2328 ab
1720 2302 1793 2329 usu

214 2347 429 2385 accusativi
465 2348 611 2394 ‘genus’
647 2359 725 2386 non
756 2348 952 2386 diversum
983 2350 1043 2385 est
1072 2349 1222 2394 ‘secus',
1262 2348 1365 2394 quod
1396 2358 1587 2394 nusquam
1618 2348 1793 2386 nomina-

216 2405 339 2442 tivum
370 2405 599 2452 putaverim,
630 2405 671 2444 id
702 2405 807 2452 quod
835 2405 1056 2452 Draegerus
1089 2405 1227 2443 statuit
1258 2405 1309 2443 ad
1341 2416 1428 2443 aun.
1458 2404 1525 2450 IV,
1557 2406 1627 2443 62:
1657 2416 1793 2455 „secus

217 2465 314 2500 statt
344 2473 458 2499 sexus
488 2473 562 2500 nur
592 2462 644 2500 im
674 2462 899 2501 Nominativ
929 2463 1010 2501 und
1039 2461 1261 2500 Akkusativ
1292 2462 1604 2509 gebrauchlich.“

310 2595 336 2637 ¹)
360 2597 519 2630 Similiter
538 2597 575 2629 H.
600 2599 693 2630 Peter
711 2597 871 2638 (Anmkg.
891 2608 919 2629 z.
941 2598 1049 2630 Haase
1068 2597 1197 2629 Vorles.
1218 2607 1248 2638 p.
1263 2596 1335 2636 66):
1362 2598 1489 2636 „sollte
1507 2596 1599 2629 nicht
1619 2597 1672 2628 die
1687 2596 1794 2630 Sache

214 2653 251 2674 so
278 2643 362 2680 scin,
388 2643 466 2675 (lass
493 2643 528 2674 id
553 2644 670 2676 aetatis
695 2643 931 2685 urspriinglich
958 2643 1159 2675 adverbiclle
1178 2642 1412 2684 Bestimmung
1439 2652 1516 2675 zum
1536 2643 1614 2676 Sein
1631 2652 1711 2680 war,
1736 2642 1794 2674 da·

214 2697 335 2776 ρος-10121)
349 2689 387 2764 till
407 2698 526 2767 3011ιῂ
534 2689 702 2767 Jielmchr
726 2689 923 2731 Appositiou
949 2698 1024 2721 zum
1050 2687 1211 2721 Nomen.“

390 2759 398 2767 .
425 2744 457 2775 p.
555 2759 563 2767 .
