1950 3198
794 145 1096 187 ·-47—

286 259 468 306 Sequitur
504 263 548 298 ut
583 259 624 298 in
661 259 992 307 comparationem
1028 273 1210 301 vocemus
1224 265 1359 300 fusum
1397 260 1612 299 accusativi
1642 261 1748 300 inso-

172 318 315 356 lentius
351 316 611 366 appositionis
648 318 735 355 loco
770 318 913 356 adnexi
950 320 1000 358 ad
1037 322 1162 357 totum
1199 319 1453 358 enuntiatum.
1515 318 1609 356 Cum
1647 319 1749 358 enim

175 375 311 413 Cicero
323 374 352 424 ¹)
382 374 575 422 superiori
606 374 821 413 sententiae
845 376 1111 415 accusativum
1136 389 1208 424 pro
1234 376 1482 423 appositione
1507 388 1585 414 non
1609 377 1745 414 adiun-

172 436 281 479 geret
318 433 395 470 nisi
424 432 464 470 in
494 431 640 471 iudicio
671 431 802 478 aliquo
834 433 1040 472 adiciendo
1070 434 1163 485 (rem
1197 432 1395 473 difficilem
1419 456 1472 468 ⁴——
1499 444 1581 472 rem
1612 433 1749 472 incon-

173 490 294 528 ditam
325 493 364 528 et
393 489 455 539 al.)
493 489 700 527 Sallustius
730 488 969 528 Graecorum
1006 503 1114 530 more
1145 491 1273 539 coepit
1304 502 1392 528 eum
1421 491 1565 529 addere
1596 494 1750 529 senten-

156 547 251 585 ·tiae
289 547 483 594 superiori
520 546 637 585 etiam
674 546 725 584 ad
763 546 1061 593 significandum
1092 553 1130 587 et
1161 548 1338 587 effectum
1368 551 1408 586 et
1436 547 1552 586 finem
1582 548 1750 587 actionis

173 604 283 642 verbi
325 604 569 642 enuntiatum
607 603 786 650 superius
822 607 1010 652 regentis,
1054 618 1078 644 a
1114 618 1190 653 quo
1227 605 1474 644 accusativus
1510 609 1627 652 aptus
1665 617 1751 644 esse

174 662 371 709 putandus
408 664 478 700 est.
537 661 621 708 Quo
658 661 698 699 in
734 672 807 700 usu
845 673 931 700 cum
969 664 1037 701 alii
1068 675 1154 702 eum
1186 662 1310 702 secuti
1341 666 1442 710 sunt,
1473 666 1555 701 tum
1585 663 1752 701 maxime

174 718 349 758 Tacitus:
381 718 471 757 Sall.
496 717 643 756 hist..I.
668 719 720 756 41
747 718 837 768 (45),
866 721 916 758 12
949 722 1074 767 plebis
1106 721 1290 760 innoxiae
1319 720 1469 767 patrias
1496 721 1607 759 sedes
1633 732 1747 759 occu-

175 787 318 823 pavere
358 776 473 823 pauci
515 775 720 822 satellites,
762 778 978 816 mercedem
1020 779 1219 818 scelerum.
1275 778 1365 816 hist.
1401 777 1468 816 IV.
1506 779 1557 817 61
1590 777 1681 829 (19),
1713 779 1751 817 8.

173 835 383 872 Eumenem
425 833 539 871 initio
580 833 791 880 prodidere
833 834 1046 882 Antiocho,
1088 836 1197 883 pacis
1240 836 1468 874 mercedem.
1533 835 1625 874 Tac.
1662 835 1752 874 hist.

175 890 241 938 IV,
274 892 325 930 19
362 889 530 938 pretium
567 890 719 928 itineris
751 892 977 930 donativum
1011 915 1060 920 —-
1094 894 1349 940 postulabant
1379 905 1457 931 non
1488 896 1532 931 ut
1561 893 1752 940 adseque-

174 951 320 995 rentur,
351 949 420 987 sed
450 959 606 986 causam
637 948 833 986 seditioni.
883 961 973 989 ann.
1002 950 1032 997 Ι,
1060 952 1112 989 27
1144 962 1280 989 manus
1312 951 1563 997 intentantes,
1594 961 1751 988 causam

176 1005 396 1044 discordiae
432 1009 471 1043 et
500 1005 654 1043 initium
685 1017 894 1044 armorum.
942 1019 1030 1046 ann.
1062 1007 1114 1054 II,
1146 1009 1200 1047 64
1232 1008 1440 1046 excindere
1470 1008 1631 1046 castella
1661 1019 1752 1045 cau-

177 1074 240 1159 {abs
271 1063 400 1159 15123110.I
404 1084 468 1158 {r—
480 1062 602 1159 l{gdde
631 1062 721 1102 hist.
753 1063 783 1110 I,
809 1064 875 1102 44.
903 1066 967 1103 72.
1010 1065 1082 1111 ΙΙΙ,
1114 1067 1179 1105 61.
1222 1065 1288 1112 IV,
1317 1066 1380 1104 18.
1425 1076 1512 1103 ann.
1537 1065 1567 1111 Ι,
1595 1066 1660 1104 30.
1686 1066 1753 1104 35.

289 1223 364 1262 Sed
394 1226 660 1270 agnoscuntur
683 1224 812 1262 Taciti
843 1226 975 1264 studia
1005 1226 1242 1265 Sallustiana
1272 1238 1350 1265 non
1381 1225 1574 1265 orationis
1598 1228 1750 1263 tantum

174 1293 222 1319 ex
251 1280 522 1327 similitudine,
559 1282 627 1320 sed
664 1282 781 1320 etiam
811 1283 932 1321 multo
963 1284 1088 1330 magis
1119 1296 1165 1322 ex
1194 1284 1379 1322 universa
1409 1282 1657 1322 describendi
1688 1294 1752 1320 ra-

174 1339 297 1384 tione,
333 1338 542 1385 praecipue
578 1338 618 1376 in
646 1339 844 1387 Agricola,
876 1351 988 1388 quem
1019 1341 1162 1379 librum
1193 1353 1328 1380 recens
1358 1353 1383 1379 a
1414 1340 1544 1380 studio
1577 1340 1752 1379 Sallustii

175 1395 330 1434 videtur
360 1396 635 1442 composuisse.
684 1396 819 1444 Neque
849 1398 1111 1444 digressiones
1141 1401 1180 1436 et
1210 1399 1422 1437 historicae
1452 1401 1491 1436 et
1516 1397 1748 1445 geographi-

175 1463 259 1498 cae,
295 1464 390 1500 quas
422 1453 607 1499 operibus
637 1453 888 1501 interposuit,
925 1455 1100 1494 Sallustii
1130 1467 1250 1502 genus
1281 1456 1469 1495 narrandi
1500 1467 1577 1494 non
1608 1465 1748 1502 magno

176 1521 294 1557 opere
323 1510 510 1549 redolent.
559 1511 701 1549 Libros
726 1511 876 1559 aliquot
901 1512 1007 1560 ipsos
1032 1513 1191 1551 Tacitus
1217 1513 1413 1561 disposuit
1436 1514 1487 1551 ad
1512 1513 1596 1550 eius
1621 1523 1749 1550 exem-

176 1567 293 1614 plum.
341 1567 416 1605 Sed
447 1568 617 1606 omnium
648 1568 813 1607 maxime
844 1570 1019 1609 Sallustii
1045 1571 1214 1609 imitatio
1240 1571 1413 1609 cernitur
1438 1571 1478 1609 in
1504 1569 1749 1609 orationibus

177 1627 295 1672 atque
325 1624 565 1672 singulorum
596 1625 794 1665 hominum
825 1627 865 1665 in
896 1628 1238 1676 descriptionibus.
1270 1650 1323 1656 -—

518 1746 574 1790 Α.
619 1748 686 1791 De
717 1749 958 1794 librorum
989 1750 1403 1806 dispositionibus.

293 1830 515 1878 Sallustius,
551 1831 779 1880 priusquam
815 1832 1027 1872 ‘historias'
1062 1846 1160 1882 opus
1197 1833 1445 1882 potissimum
1483 1833 1655 1872 scribere
1686 1845 1754 1881 ag-

179 1887 424 1935 grederetur,
461 1900 486 1926 a
520 1888 736 1928 minoribus
772 1890 884 1929 libris
922 1903 1035 1930 orsus
1073 1892 1166 1939 quid
1203 1892 1242 1930 in
1273 1891 1441 1930 historia
1471 1891 1756 1929 conscribenda

178 1948 326 1992 posset,
367 1948 550 1993 expertus
587 1950 655 1985 est.
715 1947 851 1995 Neque
886 1952 1017 1987 tamen
1054 1949 1093 1987 in
1125 1949 1295 1987 Catilina
1332 1959 1456 1996 neque
1492 1948 1533 1986 in
1563 1947 1756 1994 Iugurtha

179 2005 239 2040 est
274 2013 364 2040 vere
399 2003 610 2043 historicus
643 2026 694 2032 —
729 2016 959 2052 quamquam
996 2006 1073 2044 iam
1105 2008 1228 2054 magis
1259 2007 1299 2044 in
1330 2006 1404 2044 hoc
1435 2005 1536 2044 libro
1569 2017 1683 2052 quam
1715 2005 1755 2043 in

179 2058 246 2097 illo
278 2081 330 2088 -
361 2061 430 2100 sed
465 2060 654 2100 librorum
692 2063 924 2110 compositio
961 2066 1000 2102 et
1035 2064 1242 2102 exornatio
1272 2075 1402 2102 rerum
1433 2066 1617 2110 totusque
1648 2063 1755 2101 color

178 2127 322 2154 morem
353 2128 448 2164 prae
472 2129 514 2156 se
543 2117 674 2157 ferunt
703 2120 953 2159 rhetoricum.
1000 2120 1176 2168 Accedit,
1207 2122 1311 2169 quod
1343 2120 1635 2168 egressionibus
1661 2131 1754 2158 ora-

177 2173 425 2222 tionibusque
455 2175 647 2214 Catilinae
677 2177 831 2224 quidem
863 2178 988 2217 maior
1018 2190 1110 2225 pars
1141 2180 1331 2226 expletur.
1378 2179 1476 2216 Nam
1509 2178 1699 2226 incipiens
1731 2189 1755 2215 a

177 2230 382 2278 principio,
413 2233 518 2279 quod
548 2233 646 2272 nihil
670 2235 720 2272 ad
745 2234 950 2273 historiam
977 2239 1128 2283 spectat
1151 2235 1194 2283 (c.
1223 2235 1354 2286 1—2)‚
1380 2238 1587 2283 postquam
1614 2235 1755 2273 deinde

179 2288 227 2324 de
257 2299 298 2325 se
333 2291 372 2326 et
406 2289 574 2329 historia
606 2290 651 2340 (c.
683 2292 807 2341 3—4)
843 2293 1030 2331 disseruit
1060 2293 1329 2340 Catilinaeque
1365 2304 1492 2332 mores
1530 2292 1754 2330 accuratius

180 2344 350 2383 ostendit
377 2345 421 2395 (c.
453 2346 507 2396 5),
543 2348 700 2394 longam
731 2351 991 2395 egressionem
1023 2351 1072 2388 de
1102 2351 1273 2389 civitatis
1305 2350 1498 2397 moribus,
1535 2349 1755 2388 cuiusmodi

178 2401 269 2439 inde
297 2413 322 2439 a
352 2403 566 2449 primordio
597 2406 705 2444 urbis
736 2406 912 2454 fuissent,
943 2408 1123 2446 adiunxit
1150 2407 1194 2458 (c.
1227 2407 1395 2457 6-13):
1426 2407 1646 2446 narrationi
1677 2406 1754 2454 ipsi

178 2458 353 2496 inseruit
373 2460 570 2500 orationes
602 2462 794 2502 Catilinae
825 2465 922 2503 duas
946 2464 989 2515 (c.
1018 2466 1072 2503 20
1096 2467 1135 2503 et
1159 2477 1189 2503 c.
1217 2465 1283 2515 58)
1308 2465 1404 2503 satis
1430 2466 1567 2511 longas
1593 2467 1631 2502 et
1657 2464 1754 2502 Cae-

179 2514 278 2553 saris
315 2519 430 2563 atque
460 2517 620 2558 Catonis
657 2521 946 2568 copiosissimas
981 2521 1026 2572 (c.
1056 2523 1106 2560 51
1148 2526 1187 2561 et
1217 2534 1247 2561 c.
1279 2522 1357 2571 52).
1389 2544 1441 2550 —-
1475 2522 1559 2560 Iam
1589 2532 1681 2560 vero
1713 2521 1753 2559 in

179 2572 370 2618 Iugurtha
399 2574 631 2622 principium
659 2576 703 2627 (c.
733 2579 855 2627 1—4)
884 2591 960 2618 non
992 2580 1155 2618 multum
1186 2592 1210 2618 a
1234 2580 1435 2627 prooemio
1462 2578 1653 2617 Catilinae
1683 2578 1753 2616 ab-

179 2629 341 2668 horrere
369 2630 446 2669 iam
471 2632 690 2673 Eussnerus
721 2636 882 2675 monuit.
930 2636 1074 2675 Rerum
1105 2638 1237 2676 cursui
1267 2636 1524 2684 interpositae
1549 2639 1640 2674 sunt
1665 2647 1753 2674 ora-

179 2686 306 2724 tiones
347 2687 536 2735 Micipsae
575 2690 619 2740 (c.
659 2693 723 2742 10)
765 2696 804 2731 et
846 2694 1083 2732 Adherbalis
1118 2694 1162 2738 (c.
1202 2693 1267 2744 14)
1309 2695 1559 2741 eiusdemque
1596 2693 1754 2730 litterae

178 2741 223 2791 (c.
257 2742 333 2792 24),
364 2745 503 2784 deinde
533 2749 705 2794 egressio
737 2750 785 2788 de
815 2750 892 2789 situ
917 2750 1075 2790 Africae
1104 2751 1148 2801 (c.
1182 2753 1361 2801 17—19)
1391 2754 1430 2791 et
1454 2750 1627 2789 Memmii
1660 2762 1752 2790 con-

275 2846 301 2887 ¹)
326 2845 383 2880 err.
411 2847 549 2890 Madvig
573 2848 615 2880 de
641 2848 694 2884 fin.
719 2849 843 2891 XXIII,
868 2851 913 2886 75
937 2862 969 2894 p.
989 2852 1066 2887 268.
